1778 3194
478 241 505 269 L
575 239 608 270 U
679 240 702 268 e
772 241 789 268 Ι
863 240 889 266 A
966 238 997 268 N
1066 239 1099 270 Ι.
1467 241 1530 273 CV

237 352 384 376 necnon
400 336 624 392 philosophi
647 337 862 376 acutissimi
885 332 1063 374 Luciani
1092 347 1282 376 accurata
1310 334 1527 390 diligentia.

235 404 429 461 Impressa
463 406 632 445 V'eneliis
664 421 732 458 per
766 402 1025 442 Melchiorem
1051 419 1195 442 sessam
1234 415 1268 442 et
1296 405 1456 444 Petrum
1485 405 1532 444 (lc

235 477 396 513 rauanis
417 476 569 514 socios.-
589 473 712 512 Αηιιο
730 471 878 509 domini
895 470 958 512 M.
971 471 1022 510 D.
1037 470 1187 510 XVII.
1209 471 1271 510 die
1291 474 1395 513 XX'.
1418 490 1533 512 men—-

239 543 292 579 sis
322 541 554 595 septembris.
636 540 843 579 Fabricius
876 538 992 579 Bibl.
1028 536 1101 578 Gr.
1134 537 1239 579 Vol.
1273 539 1330 579 V.
1362 556 1405 596 p.
1436 547 1533 586 352.

239 608 350 648 hanc
378 610 793 665 interpretationem
829 606 963 648 tradit
994 620 1018 647 a
1052 608 1174 651 1500.
1203 607 1434 663 prodiisse.
1468 609 1533 651 Cf.

238 674 391 715 Panzer
408 675 466 716 A.
492 675 544 717 Τ.
568 675 653 717 ΠΙ.
685 692 728 732 p.
749 679 846 719 476.

239 754 440 806 Basileae‚
473 760 511 800 4.
533 753 811 796 Ascensiana
833 758 942 799 1514
961 756 1165 810 repetita.

70 835 180 876 1518
239 832 468 887 Hagenoae,
482 839 521 877 4.
547 833 737 875 Luciani
762 833 1087 875 samosatensis
1108 833 1285 886 Dialogi
1307 832 1393 876 duo
1416 831 1537 875 Cha-2

237 914 320 941 ron
356 910 402 943 et
431 901 687 955 Tyrannus,
726 903 775 942 in
805 903 964 957 quibus
995 904 1107 943 mira
1144 903 1282 954 gratia
1313 903 1537 943 humanae

235 967 501 1010 conditionis
530 972 735 1011 miseriae
765 969 1086 1024 depinguntur,
1128 969 1257 1011 Petro
1291 968 1539 1009 mosellano

241 1033 501 1089 Protegensi
518 1039 778 1094 interprete.
810 1061 865 1067 —
893 1037 949 1078 In
969 1037 1082 1077 fine:
1115 1037 1334 1092 Hagenoae
1355 1054 1408 1077 ex
1426 1039 1538 1078 Aca-

237 1101 366 1142 demia
396 1104 711 1157 Anslzelmiana,
746 1122 874 1145 mense
901 1105 1067 1145 Octobri
1095 1121 1199 1144 anno
1217 1106 1283 1147 M.
1295 1106 1348 1145 D.
1364 1106 1538 1147 XVIII.

82 1183 189 1225 1519
245 1182 517 1237 Argentorati‚
530 1189 569 1228 4.
591 1184 792 1226 Manium
804 1185 993 1226 Luciani
1015 1197 1168 1224 omnes
1188 1183 1542 1237 dialogi‚jucun-·-

238 1251 305 1291 dis
335 1254 522 1305 sali-bus,
552 1261 597 1293 et
629 1253 856 1310 impendio
886 1253 1062 1293 festivis
1090 1253 1197 1303 jocis
1224 1253 1402 1292 referti:
1435 1255 1542 1309 qui-

241 1322 322 1361 bus
351 1321 619 1377 aequissima
654 1323 822 1362 trutina
857 1319 1124 1376 expenditur
1169 1320 1302 1366 abiis
1344 1320 1421 1374 qui
1447 1321 1541 1362 vita

241 1386 438 1428 defuncti
460 1397 586 1440 sunt,
619 1390 795 1444 quantis
817 1390 867 1430 in
886 1389 1015 1429 malis
1036 1389 1130 1428 vita
1154 1387 1408 1427 mortalium
1432 1401 1542 1428 ver-

238 1465 373 1496 setur.
456 1455 638 1496 Erasmo
679 1455 978 1497 Roterodamo
1016 1455 1273 1509 interprete.
1355 1454 1539 1496 Pontico

238 1522 445 1564 Virunio.
494 1516 747 1564 'Ottomaro
773 1523 1001 1566 Luscinio.
1057 1522 1268 1562 Vitarum
1295 1520 1422 1572 dein,
1463 1535 1543 1562 seu

240 1591 608 1647 philosophorum
634 1593 801 1644 auctio,
832 1591 1020 1634 Luciani
1051 1588 1278 1641 dialogus,
1316 1589 1542 1642 Nycholao

242 1659 460 1700 Beroaldo
486 1661 745 1714 interprete.
805 1658 1001 1711 Querela
1032 1658 1144 1698 item
1164 1656 1366 1707 virtutis,
1400 1671 1423 1697 e
1444 1656 1544 1698 Lu-

242 1728 366 1769 ciano
392 1727 547 1770 Carolo
575 1729 744 1768 aretino
767 1726 992 1767 traductus
1015 1737 1156 1779 nuper
1187 1721 1399 1777 dialogus.

347 1819 533 1860 Ilion-ibus
553 1830 628 1858 este
649 1819 792 1872 procul
810 1816 929 1870 rigidi
949 1814 1133 1868 vultuque
1157 1813 1338 1863 Catones,

409 1887 645 1943 chifugitis
665 1890 782 1935 rieux,
813 1894 1032 1924 scommata
1054 1884 1323 1931 mirtajocis.

351 1953 543 1995 Lus-imus
564 1957 605 1992 in
627 1955 781 2001 teneris,
815 1954 908 1990 seris·
937 1966 1087 2004 quoque
1105 1949 1276 1988 ludimus
1296 1952 1425 2000 annis,

410 2022 459 2062 Et
484 2021 673 2076 reliquum
692 2022 794 2058 vitae
815 2017 935 2073 quid,
969 2019 1045 2055 nisi
1069 2016 1174 2055 lus-us
1195 2015 1301 2056 crit?

246 2111 360 2155 Cum
379 2113 614 2168 privilegio
655 2123 857 2151 caesareo
887 2106 944 2147 ad
967 2105 1309 2163 quadriennium
1345 2109 1396 2147 ab
1428 2121 1545 2150 anno

250 2181 414 2224 Christi
457 2185 580 2225 1519.
648 2178 843 2220 Joannes
873 2175 1081 2216 schottus
1111 2173 1400 2224 Argentorati
1437 2190 1548 2230 pre..

248 2252 410 2291 mebat.

85 2330 190 2372 1521
250 2328 444 2377 Basileae,
465 2329 538 2368 sol.
561 2341 630 2382 ap.
652 2324 920 2366 Frobenium
935 2322 1123 2376 repetita
1142 2319 1403 2361 Parisieusis
1423 2323 1547 2366 1514.

85 2420 194 2463 1529
251 2418 497 2470 Haganoac,
532 2422 571 2460 8.
603 2415 940 2468 Elegantissima
961 2412 1127 2468 aliquot
1145 2410 1334 2452 Luciani
1354 2424 1551 2465 opuscu-

251 2487 316 2536 la,
346 2487 435 2535 jam
453 2497 603 2524 recens
625 2498 704 2538 per
721 2482 1013 2522 Vincentium
1043 2480 1285 2532 Obsopocum
1306 2477 1551 2519 Latinitate

256 2552 438 2602 donata,
482 2566 578 2591 cum
611 2551 797 2604 epistola
841 2548 1162 2601 nuncupatoria
1214 2545 1269 2585 ad
1312 2544 1553 2597 Georgium

256 2619 558 2659 Marchjonem
579 2616 1063 2668 Brundenburgensem.
1114 2611 1433 2653 Continentur:
1465 2612 1553 2652 Ju—

256 2689 371 2741 piter
411 2688 685 2738 confutatus,
732 2683 906 2739 Jupiter
944 2678 1227 2734 Tragoedus,
1267 2678 1552 2733 Anacharsis,
