1778 3194
495 257 581 289 IN
669 254 1101 288 TIMONEM.
1433 249 1532 296 477

69 365 216 408 cedere
254 381 277 407 a
306 365 473 421 vulgari
514 364 721 420 loquendi
745 363 1081 413 consuetudine;
1115 378 1208 405 eum
1231 379 1375 407 omnes
1401 382 1530 410 voces

66 437 154 463 non
176 424 291 463 omni
315 427 412 463 loco
438 421 629 462 adhiberi
653 432 807 476 queant
831 397 1128 464 eodemmodo.
1154 423 1277 465 JENS.
1318 426 1529 480 Aristoplz.

67 480 163 520 Pac·
187 486 255 524 38
292 478 461 532 Μιαρόν
481 477 524 521 τὸ
546 484 697 534 χοῆμα,
731 479 800 520 καὶ
819 493 1046 530 κακοσμον,
1078 481 1144 520 καὶ
1175 478 1312 548 βορόν.
1345 482 1525 523 HEMST.

63 537 198 578 Dian.
224 538 356 577 Matr.
382 537 456 577 IV.
481 548 592 576 extr.
617 535 766 575 verba:
798 533 893 576 ἀλλὰ
914 533 957 577 τὸ
965 540 1142 599 πρᾶγμα
1161 534 1365 591 τεράστιον
1386 539 1527 578 inver-

63 601 126 642 te,
159 602 206 630 ut
230 592 398 644 licebit,
437 591 591 631 hunc
578 607 622 631 ln
644 590 836 633 modum.
876 587 1085 646 τεράστιον
1112 590 1155 634 τὸ
1177 599 1350 649 πρᾶγμα
1409 595 1526 634 Num

60 649 244 687 mutabis
268 659 357 687 turn
380 646 582 702 τεράστιόν
604 666 640 690 τι
661 654 846 703 ποᾶγμας
880 662 1133 702 quamquam
1170 664 1306 705 neque
1343 651 1425 692 hoc
1454 652 1525 691 ab·

62 705 229 743 surdam
257 706 495 757 praebuerit
516 707 781 745 sententiam.
813 707 969 745 Lama.

170 761 273 801 Ead·
303 765 330 800 l·
367 767 405 806 8
444 760 531 803 Ουκ
552 765 606 810 εἰς
622 759 807 815 μακρὰν)
838 762 967 801 Brevi.
1000 762 1179 803 Bonan.

171 817 273 858 Eacl.
314 821 342 856 1.
376 823 413 861 9.
458 817 642 873 Χοηστός
671 816 752 871 ὧν)
792 819 953 857 Ironia.
986 819 1130 858 Bnon.
1189 819 1381 859 Ironiam
1412 821 1526 861 Bao·-

57 872 176 912 claeus
205 873 537 926 interpretatur,
570 889 676 928 quac
711 873 794 913 hoc
825 874 995 937 quidem
1025 875 1070 913 in
1103 878 1200 915 loco
1224 877 1342 915 omni
1374 881 1522 916 aculeo

58 929 259 968 destituta
282 940 366 970 est·
407 941 628 984 utcunque
655 940 793 969 tamen
828 945 1061 983 exprimere
1095 942 1272 971 conatus
1301 943 1363 971 est
1380 933 1520 971 Faber.

55 985 188 1036 Mihi,
193 1000 448 1055 quanquam
471 987 700 1026 remedium
731 990 891 1026 nullum
915 998 1152 1034 succurQrat
1187 988 1385 1040 displicet
1413 989 1523 1028 illud

56 1040 226 1095 χρηστὸς
249 1042 326 1083 ὢν·
358 1042 539 1083 debebat
559 1043 681 1098 sequi
698 1041 810 1093 ἄξιος
830 1041 900 1092 (0¹1,
935 1053 1006 1081 aut
1030 1043 1147 1082 aliud
1169 1031 1369 1098 quiddam
1394 1060 1524 1100 argu-

51 1097 151 1136 tius.
214 1099 313 1138 Non
348 1115 413 1139 me
442 1100 618 1152 fugiunt
644 1102 807 1152 ταυτησὶ
837 1104 911 1153 τῆς
928 1105 1100 1153 χρηστῆς
1120 1101 1254 1139 Diali.
1281 1102 1390 1141 Mer.
1414 1101 1519 1143 XII,

52 1163 93 1193 et
115 1153 241 1207 hujus
265 1156 432 1209 generis
455 1157 536 1194 alia
561 1171 646 1195 non
666 1170 825 1208 pauca:
862 1170 1000 1208 neque
1020 1166 1156 1195 tamen
1184 1168 1405 1210 propterea
1427 1172 1520 1197 sen-

51 1211 229 1249 tentiam
260 1211 310 1250 de
342 1211 424 1250 hoc
454 1215 552 1250 loco
576 1213 933 1252 muto.H12MSr.
957 1213 1014 1254 Π.
1077 1212 1194 1252 Mihi
1217 1228 1319 1252 vero
1347 1212 1520 1268 χρηστὸς

51 1263 108 1307 ω“ν
130 1282 217 1306 non
240 1270 345 1306 male
367 1268 538 1307 videtur
561 1268 613 1307 ad
644 1270 862 1322 superiora
891 1269 1123 1309 convenire
1145 1269 1361 1321 πάνσοφον
1384 1275 1519 1323 χρῆμα

49 1324 115 1364 καὶ
138 1323 535 1378 πανταῃὸθενᾶκριβέ
522 1343 572 1374 ς,
596 1342 663 1367 και
681 1325 1041 1374 ποικίλωςέντελὲς,
1066 1325 1217 1378 quibus
1240 1337 1281 1365 et
1307 1327 1411 1380 ipsis
1440 1342 1517 1366 co-

47 1380 112 1418 lor
143 1380 314 1432 quidam
348 1391 410 1420 est
443 1382 619 1424 ironiae.
682 1382 806 1422 Ce1te
835 1382 885 1422 de
917 1382 1134 1421 mutandis
1157 1381 1297 1422 verbis
1322 1397 1408 1423 non
1426 1398 1516 1424 esse

47 1435 272 1486 existimo,
308 1438 422 1491 quod
450 1439 699 1490 cogitemus.
735 1440 893 1479 LEnM,

156 1492 600 1548 Εα(ἵ.].12.’.Ως-περ
625 1498 666 1537 οἵ
684 1506 760 1535 etc.
776 1496 793 1545 )
835 1495 961 1535 Faber
989 1492 1118 1533 deleri
1154 1494 1225 1533 hic
1253 1499 1347 1534 vult
1371 1495 1516 1550 ω’ςπεο,

43 1549 206 1603 Utique
232 1550 267 1587 si
300 1549 405 1602 quid
432 1552 685 1589 mutationis
719 1552 790 1589 hic
810 1566 940 1603 opus,
983 1551 1154 1616 legerim
1191 1566 1266 1602 pro
1301 1550 1403 1600 ω’ςπε
1406 1571 1427 1603 0
1451 1557 1512 1603 οἷ,

43 1607 245 1660 οἷπεοοῦν,
275 1621 401 1645 seusu
423 1607 860 1654 convenientissimo,
897 1609 966 1660 qui
985 1609 1166 1644 nimirum
1189 1607 1412 1647 divitiarum
1427 1621 1514 1649 tua-

43 1679 125 1701 rum
151 1663 413 1702 admiratione
436 1666 544 1716 capti
561 1673 640 1703 etc.
714 1665 770 1702 At
795 1664 1018 1700 maximam
1046 1662 1272 1715 quicquam
1300 1664 1371 1702 hic
1402 1667 1512 1704 soli-

41 1719 203 1758 citandi
235 1720 526 1759 necessitatem
551 1733 637 1758 non
670 1719 812 1759 video.
855 1720 976 1759 Jss‘xs.
1038 1718 1080 1755 Si
1114 1719 1388 1772 interponas,
1420 1721 1509 1764 0236’

42 1773 168 1830 ὥςπερ
195 1778 236 1817 οἵ
261 1786 339 1816 etc.
385 1776 521 1813 omnis
555 1777 765 1815 orationis
793 1775 1076 1814 intricatioris
1118 1773 1348 1814 difficultas
1380 1778 1512 1818 fuerit

41 1832 230 1870 sublata:
273 1831 344 1871 sed
381 1846 475 1869 cum
501 1831 657 1880 Jensio,
701 1847 786 1870 non
809 1833 1033 1869 maximam
1069 1845 1157 1870 esse
1181 1833 1403 1886 quicquam
1432 1835 1509 1873 hic

40 1887 285 1926 solicitandi
310 1888 604 1926 necessitatem
625 1889 779 1927 sentio.
813 1888 995 1926 HEMST.
1023 1887 1079 1927 Π
1114 1888 1248 1925 Recte
1267 1889 1467 1928 Abrescht'
1454 1908 1511 1930 us

39 1945 213 1984 Dilucc.
252 1942 391 1983 Thuc.
429 1958 468 1995 p.
502 1950 570 1987 31.
598 1942 726 1994 ω’ςπεο
757 1947 797 1986 οἰ
823 1945 1033 1995 explicare
1064 1942 1237 1981 videtur
1265 1948 1406 1997 quippe
1425 1950 1505 2000 qui,

36 2014 284 2055 quamquam
305 2014 420 2038 nunc
447 1999 617 2053 quidem
647 2000 842 2039 nullum'
833 2014 873 2036 m
901 2010 1072 2063 promtu
1100 2009 1163 2037 est
1184 2000 1355 2038 rarioris
1380 2000 1507 2054 hujus

36 2071 134 2094 usus
145 2059 412 2120 exemplum.
475 2056 581 2094 Nam
608 2071 713 2106 quae
733 2056 1005 2096 Αέηεεεῆἰιις
995 2068 1086 2108 ipse
1102 2055 1192 2093 illic
1216 2057 1393 2107 profert,
1417 2072 1507 2097 non

39 2114 216 2152 omnino
247 2114 531 2152 satisfaciunt.
603 2112 833 2165 Quomodo
872 2127 969 2151 vero
1001 2125 1169 2164 cunque
1201 2113 1412 2163 explices,
1468 2114 1506 2152 si

38 2186 166 2221 cog-7259
201 2168 382 2222 legitur,
426 2170 550 2208 etiam
594 2173 634 2210 οἳ
666 2180 727 2208 est
769 2167 1018 2222 legendum,
1073 2166 1428 2220 quemadmodum
1462 2179 1507 2210 et

37 2225 307 2264 Schmiederus
329 2225 512 2278 scripsit,
546 2239 630 2263 non
655 2228 705 2275 οἵ,
740 2226 803 2264 uti
831 2228 960 2277 vulgo
984 2225 1200 2268 scriptum
1233 2223 1390 2264 Ltnm.

148 2277 776 2334 Ρας.112.1.1.Α.-ῑλοὲ’κων)
811 2283 942 2320 Recte
955 2281 1188 2334 simplicitas
1201 2294 1292 2318 curn
1315 2280 1503 2320 liberali-

36 2345 123 2375 tate
145 2338 438 2391 conjungitur,
470 2337 582 2391 quod
606 2339 887 2391 simpliciores
908 2340 1071 2375 soleant
1107 2350 1194 2374 esse
1224 2335 1502 2380 liberaliores.

38 2393 156 2431 Hinc
176 2391 351 2445 ἆπλότης
388 2395 569 2433 sumitur
597 2409 672 2447 pro
704 2395 940 2434 liberalitate
970 2395 1011 2430 in
1042 2394 1094 2433 N.
1129 2393 1175 2432 Γ.
1240 2391 1362 2441 Vide,
1395 2407 1503 2447 quae

36 2448 277 2487 notavimus
301 2451 343 2487 in
375 2450 516 2490 Addit.
539 2450 588 2489 ad
612 2451 859 2491 Hammond.
886 2449 935 2488 ad
959 2449 1077 2489 Rom.
1103 2447 1205 2494 XII,
1226 2452 1265 2490 8.
1301 2448 1443 2489 CLER.

85 2538 87 2540 ·
147 2504 247 2546 ΕΠΖ.
279 2509 304 2544 l
337 2511 373 2549 2.
410 2505 564 2556 Maga)
597 2508 675 2545 Pro
699 2508 851 2561 quovis
883 2520 1036 2561 genere
1071 2505 1193 2556 panis
1252 2505 1499 2544 tenuiorum

34 2561 168 2610 cibus,
203 2561 316 2600 unde
340 2562 503 2611 mirum,
540 2561 738 2602 Car-ionem
760 2563 888 2617 μάζαν
918 2562 1131 2612 accepisse
1153 2574 1230 2611 pro
1252 2559 1499 2599 delicatiori

32 2617 144 2657 cibo.
206 2619 338 2657 Iuere
360 2595 528 2671 quidein
548 2617 665 2671 μαζαι
686 2621 726 2657 in
751 2619 942 2666 deliciis,
978 2617 1046 2656 sed
1073 2616 1348 2669 compositae
1396 2617 1499 2656 An·-

32 2674 155 2726 siopk.
188 2669 351 2713 Hesiocl.
380 2675 524 2715 Athen
565 2670 1338 2729 Heayck.5uid‹1s.}30urn.1dem
1368 2675 1498 2724 plane

32 2729 272 2780 Thrasyclis
311 2730 629 2781 temperantiam
663 2732 900 2770 simulantis
935 2729 1100 2780 victus,
1148 2728 1222 2781 qui
1257 2729 1491 2777 Persarum,

31 2783 80 2823 de
100 2798 183 2838 quo
206 2785 303 2825 vide
321 2787 498 2826 Brisson.
524 2786 572 2827 de
588 2789 639 2828 R.
661 2789 704 2830 P.
719 2789 775 2828 Π.
799 2802 838 2842 Ρ,
853 2792 949 2831 213.
974 2790 1071 2830 214.
1102 2784 1263 2841 (Polite
1289 2783 1491 2823 describit

218 2868 233 2885 Χ
