1778 3194
496 304 586 337 ru
654 304 1093 341 TIMONEM,
1434 291 1535 343 353

59 417 110 448 ut
131 405 281 448 scribit
298 404 540 447 Pausanias:
571 418 710 458 neque
739 403 822 443 hoc
844 404 1039 457 profecto
1062 412 1217 446 temere
1237 402 1364 444 finxit
1384 402 1536 445 Lucia..

61 483 134 505 nus
154 475 317 513 noster,
352 463 424 502 sed
454 475 505 502 ex
535 461 671 514 ipsius
702 459 908 500 historiae
941 460 1118 500 veritate
1152 462 1335 515 accepit:
1367 462 1532 503 indicio

60 532 124 562 est
146 521 380 560 Plutarchus
422 519 465 557 in
493 518 696 567 Antonio,
744 531 866 570 quem
904 528 944 556 et
981 517 1120 568 ipsum
1151 518 1275 557 refert
1306 518 1534 560 hominum

61 578 241 619 evitasse
271 589 541 645 congreSSUS,
583 575 649 615 καὶ
676 571 745 615 τόν
782 575 958 626 Τίμωνος
980 571 1150 643 ἀγαπᾷν
1180 575 1245 615 καὶ
1275 578 1421 627 ζηλοῦν
1441 579 1536 647 βίον

62 637 259 688 ἔφασκεν,
293 632 345 681 ὠς
367 630 416 684 δη
448 628 665 679 πεπονθώς
690 627 830 683 ὅμοια·
861 627 1035 697 καὶγὰρ
1049 627 1195 679 αὐτὸς,
1227 626 1477 697 adimens
1454 630 1537 674 υπὸ

63 694 192 744 φίλων
215 691 285 731 καὶ
313 688 605 742 ἅχαριστηθεὶς,
637 686 704 728 διὰ
721 691 838 728 τοῦτο
864 692 986 728 πᾶσιν
1013 681 1251 742 ἀνθρώποις
1270 682 1449 730 ἀπιστεῖν
1467 690 1539 731 ναὶ

61 750 350 801 ὂυςχεραίνειν·
391 744 583 783 meminit
613 743 739 782 etiam
774 743 816 780 in
843 743 1084 794 Alcibiade,
1118 758 1240 797 quem
1270 746 1402 781 multa
1428 744 1537 782 civi-

64 819 135 843 um
160 802 401 842 celebritate
421 801 665 839 econcione
688 799 912 837 deductum
934 799 1265 853 sicadloquutus
1284 799 1391 840 fuit:
1412 800 1538 854 Euge

59 862 189 908 vero,
224 858 309 906 fili,
341 866 477 896 macte
498 856 555 893 sis
584 853 725 893 isthoc
767 854 953 902 bonore;
995 855 1082 893 illis
1114 856 1227 894 enim
1258 865 1304 893 tu
1337 869 1541 909 magt-um

63 887 309 967 aliqum-ando
345 913 541 951 damnum
585 911 850 951 conciliabis
920 911 1029 950 Cum
1071 925 1155 966 quo
1192 911 1378 961 solebat,
1420 916 1540 951 solus

61 984 149 1012 erat
180 972 462 1023 Apemantus,
498 980 619 1021 quem
645 978 781 1006 tamen
806 968 947 1020 ipsum
973 967 1165 1021 ingratus
1192 967 1542 1021 perpetiebatur}

61 1043 159 1066 nam
181 1025 350 1079 quando
371 1025 494 1063 simul
518 1039 601 1062 una
637 1024 1001 1075 convivabantur,
1034 1024 1295 1078 dixissetque
1321 1024 1544 1077 Apeman-.

60 1093 156 1132 tus,
199 1081 335 1135 Quam
366 1092 508 1133 aptum
543 1092 603 1119 est
636 1079 719 1119 hoc
753 1090 942 1118 nostrum
975 1091 1101 1134 atque
1132 1080 1355 1134 pulchrum
1390 1080 1543 1120 couvi..

59 1139 198 1188 vium,
233 1137 468 1191 Siquidem,
503 1136 645 1189 inquit
675 1139 846 1187 Timon,
879 1147 925 1174 tu
949 1137 1125 1175 abesses.
1188 1138 1331 1175 Mimr
1362 1137 1507 1189 itaque
1522 1166 1545 1186 ,.

61 1194 165 1250 quid
192 1194 349 1234 dixerit
372 1194 660 1256 Hieronymus
684 1193 993 1245 Peripateticus
1008 1224 1020 1242 ,
1054 1194 1278 1232 Timonem
1301 1192 1544 1246 discipulos

60 1253 298 1305 fugientem
325 1260 538 1303 captasse,
571 1251 638 1288 cui
664 1248 774 1286 nihil
795 1263 927 1301 aeque
951 1250 1114 1289 fuerit
1103 1264 1144 1288 in
1170 1249 1306 1299 votis,
1338 1264 1459 1304 quam
1483 1248 1543 1286 ab

61 1308 253 1348 omnium
286 1306 581 1345 familiaritate
615 1315 816 1344 remotum
847 1320 909 1344 res
936 1305 1016 1343 sibi
1038 1320 1131 1344 suas
1163 1305 1329 1345 habere.
1393 1305 1540 1343 Vitam

61 1363 286 1418 cognoscis
328 1372 487 1401 sentam
523 1373 564 1400 et
606 1376 768 1401 morum
802 1363 1003 1401 torvitate
1030 1361 1269 1400 horridam:
1309 1365 1390 1414 jam
1423 1374 1541 1398 nunc

63 1420 159 1473 quis
192 1419 274 1458 viri
303 1418 434 1457 fuerit
470 1417 638 1467 obitus,
673 1432 865 1457 enarrare
896 1420 1038 1470 juvat·
1074 1417 1281 1457 ceciderat
1306 1417 1443 1454 bonus
1466 1418 1544 1455 ille

62 1475 114 1514 de
140 1489 246 1529 pyro
270 1475 489 1526 sylvestri,
522 1485 587 1524 et,
613 1489 705 1512 cum
731 1488 848 1512 crure
874 1475 1007 1512 fracto
1031 1474 1185 1513 medici
1205 1484 1440 1512 curaturam
1463 1473 1541 1510 ab-

62 1540 234 1578 nueret,
277 1531 562 1581 computruit,
606 1540 733 1583 atque
768 1530 871 1567 adeo
902 1530 1135 1582 squalidam
1175 1530 1303 1567 vitam
1336 1529 1542 1566 indecora

60 1597 196 1626 morte
219 1586 374 1624 finivit.
437 1586 585 1625 Suiclas-
604 1586 687 1624 hoc
711 1601 733 1625 e
758 1586 934 1623 Mantlze
957 1586 1116 1624 refert
1105 1600 1148 1623 m
1180 1582 1394 1635 Ἀπόρρωξ
1413 1595 1451 1623 et
1477 1585 1542 1624 Ti-

61 1655 167 1697 μων·
200 1640 277 1683 ἀπὸ
302 1637 479 1695 αχράδος
498 1640 697 1684 πεσόντα·
729 1641 798 1680 sed
822 1654 939 1681 vetus
963 1643 1014 1679 ad
1038 1625 1326 1694 Aristophanis
1339 1642 1542 1695 Lysistra-

62 1711 144 1739 tam
178 1699 518 1746 commentator,
565 1713 687 1753 quem
718 1697 980 1737 eruditorum
1013 1697 1233 1736 hominum
1265 1701 1402 1736 oculis
1429 1712 1544 1735 con-

62 1755 203 1796 credet
225 1756 436 1809 singulare
454 1756 679 1793 Nlusarum
704 1754 829 1794 decus
855 1754 960 1793 Lucl.
984 1754 1172 1793 Kasterus
1193 1787 1204 1802 ,
1237 1751 1316 1796 ἀπὸ
1338 1750 1542 1807 χαράδρας

64 1812 216 1860 habet;
262 1810 375 1864 quod
413 1810 519 1849 mihi
549 1812 692 1848 miluus
730 1811 910 1863 probum
949 1811 1140 1860 videtur,
1183 1820 1224 1850 et
1259 1811 1541 1850 conveniens.

65 1867 345 1922 Sepulchrum
373 1867 568 1905 Timonis
603 1881 625 1905 a
658 1868 818 1921 reliqua
854 1861 959 1904 terra
991 1868 1116 1905 maris
1150 1867 1330 1918 impetus
1363 1865 1541 1914 avulsit,

65 1939 121 1963 ne
143 1938 228 1962 non
253 1923 366 1961 vitae
386 1930 508 1961 nOtas
525 1924 662 1974 ipsum
687 1932 1016 1973 repraesentaret
1035 1933 1369 1962 monumentum.
1430 1922 1543 1959 Me-

66 1979 270 2019 morabile
293 1988 378 2027 est,
413 1977 526 2031 quod
550 1979 593 2015 in
622 1979 822 2017 Pausania
843 1981 1006 2029 reperio
1025 1978 1101 2018 lib.
1124 1979 1159 2018 I.
1188 1992 1274 2030 cap.
1297 1984 1365 2021 30.
1427 1974 1543 2018 Κατὰ

65 2040 184 2078 τοῦτο
207 2039 276 2087 τῆς
297 2032 426 2087 χώρας
459 2043 617 2087 (prope
646 2034 940 2083 Academiam)
974 2039 1158 2084 φαίνεται
1177 2033 1330 2087 πύργος
1359 2035 1543 2086 Τιμωνος

67 2102 146 2132 etc.
181 2092 324 2145 itaque
350 2091 570 2129 Lucianum
590 2090 733 2140 laudo,
763 2090 833 2139 qui
857 2090 916 2128 rei
937 2104 1058 2129 verae
1079 2090 1301 2128 confictam
1326 2093 1541 2143 elegan'er

69 2148 313 2188 subtexuit:
347 2144 466 2195 αὗτὸς
492 2148 532 2189 δὲ
553 2147 632 2200 ἤδη
659 2152 794 2188 πᾶσαν
827 2145 1045 2199 πριάμενος
1068 2145 1139 2197 τήν
1159 2148 1348 2199 ἐσχατίαν
1369 2149 1545 2200 πυργίον

72 2203 324 2257 οἰκοὸομήσω
343 2200 442 2255 υπὲρ
469 2207 543 2245 τοῦ
564 2208 800 2256 θησαυροῦ·
834 2217 927 2241 nam
951 2202 1001 2242 de
1027 2204 1237 2255 insperata
1270 2202 1488 2241 tlresauri'
1477 2216 1546 2239 in..

72 2262 276 2301 ventione
300 2263 509 2298 neminem
548 2260 673 2299 habet
707 2269 946 2304 auctorem
982 2262 1045 2298 vel
1070 2263 1212 2297 saltem
1242 2262 1403 2296 nullum
1425 2259 1499 2295 inv
1504 2272 1547 2295 e-

72 2317 144 2365 ni,
178 2315 222 2353 id
261 2316 334 2368 qui
361 2316 583 2355 memoriae
611 2316 840 2355 mandarit:
875 2330 1121 2369 quamquam
1157 2330 1220 2354 me
1254 2329 1339 2352 non
1364 2323 1547 2366 praeter-

73 2383 167 2422 eat,
202 2371 582 2411 Commentatorem
623 2374 903 2413 Horatianum
933 2374 1036 2409 illuc!
1071 2372 1219 2409 divitis
1250 2371 1374 2408 istius
1407 2384 1548 2408 exem-

72 2404 216 2482 pluin,
251 2427 350 2480 qui,
373 2426 469 2464 dum
494 2432 676 2481 populus
700 2430 837 2480 ipsum
862 2427 1083 2477 sibilabat,
1115 2444 1145 2463 s
1136 2428 1195 2465 ibi
1221 2425 1447 2479 plaudebat
1472 2425 1548 2463 do..

72 2486 159 2534 mi,
195 2484 246 2523 ad
270 2483 493 2522 Timonem
519 2485 815 2525 Atheniensem
846 2486 1027 2523 referre:
1061 2498 1195 2537 neque
1227 2483 1276 2521 de
1304 2481 1441 2520 nihilo
1465 2490 1544 2531 cst,

74 2540 188 2596 quod
221 2540 370 2579 scribit
405 2540 449 2577 in
479 2550 664 2581 extremo
701 2544 884 2581 Ἱίηιοηεε
917 2538 1012 2588 ω’ςτε
1042 2543 1079 2581 τί
1107 2538 1179 2580 οὐκ
1208 2541 1267 2579 ἐπὶ
1297 2537 1367 2590 τὴν
1397 2539 1548 2588 πέτοαν

75 2597 223 2649 ταύτην
247 2592 451 2638 ανελθών
483 2598 634 2635 etenim
661 2599 731 2636 illa
758 2599 874 2651 rerio
897 2598 1077 2635 maxime
1102 2610 1248 2634 axosa
1272 2604 1372 2643 etat,
1396 2603 1436 2632 et
1462 2595 1548 2631 col-

78 2653 193 2692 libus
215 2667 379 2706 aspera,
413 2662 459 2691 ut
485 2667 537 2691 ex
561 2653 758 2692 Pausania
780 2655 924 2707 liquet
987 2654 1100 2691 Dm
1078 2667 1189 2704 ique
1207 2650 1446 2689 memoriam
1469 2649 1546 2686 hu-

80 2712 147 2760 jus
179 2710 259 2747 viri
284 2710 610 2763 Fpigrammatis
644 2720 911 2749 aeternarum
944 2713 1118 2758 poetae·
1153 2708 1264 2745 inter
1297 2706 1400 2754 alia,
1435 2718 1545 2758 quae

78 2765 123 2804 in
146 2765 394 2817 Anthologia
419 2766 711 2816 reperiuntur
746 2765 826 2804 hoc
848 2764 1085 2804 Callimachi
1108 2774 1195 2803 cst:

303 2826 433 2875 Τιμων
459 2817 535 2873 (οὗ
557 2841 631 2878 γαρ
652 2819 704 2865 ἔτ’
726 2823 842 2872 ἐσσὶ)
875 2825 914 2864 τί
929 2838 1010 2874 τοι,
1044 2819 1151 2874 φάος
1168 2817 1196 2873 ᾖ
1216 2816 1357 2870 σκότος
1375 2814 1542 2874 ἕχθρόνς

123 2890 273 2922 Luc-ian·
302 2889 379 2924 Pol.
400 2891 430 2921 Ῑ.
