1778 3194
468 276 553 306 IN
644 274 1079 307 TIMONEM.
1411 263 1507 307 411

54 376 196 417 bosius
218 374 338 425 haec,
361 388 448 413 non
472 388 606 429 nego3
629 373 832 426 ineptiam
854 381 992 411 tamen
1013 388 1099 412 non
1112 372 1262 421 vide03
1287 387 1425 427 neque
1440 372 1513 412 ob-

51 433 164 472 scuri
204 432 436 487 quidquam
474 436 541 470 vel
581 430 844 469 inconcinni·
877 429 1169 481 deprehend03
1224 440 1390 484 praeter
1430 429 1514 468 hoc

53 504 200 538 unum,
238 488 351 542 quod
371 499 508 527 tamen
533 486 654 553 parvi
689 485 892 525 momenti
916 486 1062 535 fuerit,
1096 487 1210 540 quod
1231 489 1377 526 Plutus
1400 500 1513 524 nunc

53 547 213 597 εἰςρέειν
235 559 277 584 se
304 544 433 594 dicit,
466 558 579 582 nunc
600 540 845 596 ὗδοοφορεῖν
866 552 906 581 et
929 543 1108 583 {noemi-3*
1095 560 1154 592 ιν,
1187 545 1232 582 iu
1259 558 1342 599 quo
1365 555 1516 596 aequa-

53 601 199 639 bilitas
223 600 552 653 comparationis
583 599 727 654 aliquo
749 598 875 637 modo
905 601 1015 637 laesa
1051 597 1258 640 videatur.
1319 600 1516 639 Ceterum

55 657 101 695 in
136 656 349 695 similibus
382 667 541 695 veteres
574 670 661 694 non
694 656 837 694 omnia
877 669 922 692 ac
955 655 1121 709 singula
1154 655 1206 693 ad
1233 656 1518 708 pulvisculum

9 760 11 762 q
57 713 373 767 expenderunt,
408 727 454 750 ac
479 712 745 765 quiescentes
767 711 812 749 in
836 711 977 763 capite
998 711 1082 761 rei,
1115 711 1231 764 quod
1260 711 1409 750 dicunt
1431 721 1520 750 ter-

55 770 162 808 tium
187 768 540 821 comparationiS‚
562 778 701 817 recte,
734 767 776 805 id
799 778 880 817 est,
914 768 1135 819 perspicue
1156 777 1197 807 et
1218 768 1404 821 graviter
1423 781 1519 821 pro-

54 826 212 878 posito
272 825 472 888 Aclfluunt
493 823 667 862 Timoni
700 839 800 877 opes
827 824 916 863 sine
938 823 1261 864 intermissione.
1322 824 1464 876 Atque
1483 824 1519 860 is

57 883 151 921 sine
185 881 500 921 intermissione
531 879 730 918 exhaurit
759 894 849 928 eas,
883 883 912 919 i.
937 894 972 919 e.
997 880 1228 936 profundit,
1271 880 1392 932 quasi
1413 893 1522 916 con-

57 941 171 977 sulto
195 951 373 983 cavens,
402 951 454 974 ne
482 936 572 989 ipse
605 936 851 977 inundetur.
911 937 1025 991 Ergo
1053 937 1159 974 cista
1180 936 1374 974 Timonis
1407 934 1522 972 simi-

56 995 111 1032 ]is
134 1005 196 1033 est
220 995 378 1045 κοφίνῳ
399 1010 437 1033 τε
422 993 690 1049 τρυπημένῳ,
722 992 872 1031 similis
890 992 1041 1046 ,quod
1066 992 1218 1031 deinde
1240 991 1372 1045 magis
1397 992 1524 1029 etiam

58 1051 310 1101 exponitur
343 1049 590 1087 Danaidum
622 1050 754 1098 dolio,
787 1064 837 1088 ex
855 1064 936 1102 quo
961 1058 1091 1102 quant
1080 1064 1165 1086 um
1180 1047 1344 1099 influit,
1381 1060 1525 1087 rursus

60 1103 212 1146 effluit
274 1105 447 1158 Optime
480 1105 540 1143 sic
570 1105 818 1159 depingitur
861 1105 1090 1144 dissolutae
1121 1103 1388 1158 profusionis
1421 1103 1529 1142 levi-

59 1172 123 1200 tas
146 1171 187 1201 et
198 1162 385 1225 ineptia.
447 1162 597 1201 Cetera
620 1176 812 1216 quaeque
844 1162 984 1199 minus
1007 1161 1172 1199 curavit
1196 1162 1371 1200 Lucicmi
1389 1159 1527 1198 nostri

59 1217 488 1283 i11geniun1.L1;H31.
552 1217 618 1256 Ad
641 1232 787 1257 vocem
813 1220 1015 1269 εἰςουῆται
1038 1218 1156 1257 conf.
1183 1217 1346 1256 Isomffat
1371 1214 1527 1254 dePer-

61 1283 166 1312 mut.
227 1271 368 1316 Πόσον
401 1275 442 1315 δὲ
476 1279 650 1315 πλοῦτον
670 1291 724 1322 εις
747 1272 846 1326 τήν
838 1273 953 1315 πόκιν
990 1276 1295 1328 ειςρυὴσεσθαι,
1337 1269 1394 1312 δι’
1414 1269 1530 1324 ημῶν

63 1327 221 1381 ἁπάσης
248 1334 318 1382 τῆς
334 1327 525 1378 Ελλαδος
550 1331 785 1383 σωζομένης.
819 1331 1060 1370 Hm1sr.].

176 1386 278 1426 Εαᾶ.
311 1401 351 1439 p.
391 1393 455 1428 11.
494 1391 573 1429 Τοῦ
590 1404 736 1436 κυτους
758 1385 811 1440 μὴ
832 1388 912 1435 στ.)
942 1385 1082 1425 Fando
1104 1389 1210 1425 vasis
1240 1385 1429 1440 liquorem
1449 1401 1528 1426 non

64 1445 292 1483 continente.
326 1443 469 1481 BROD.

177 1498 279 1537 Εαᾱ.
311 1502 337 1539 l
375 1505 437 1542 12.
470 1498 622 1554 Σχεδὸν
641 1501 968 1554 ἒκχυθησοιιένου
1001 1516 1071 1541 τοι
1096 1499 1372 1551 ἒπιῤῥέοντος·
1406 1498 1535 1548 ου’τως

67 1550 300 1608 εὐρύτερον)
333 1554 402 1593 Sic
431 1555 647 1610 distingue
670 1557 742 1595 has
764 1571 914 1606 vocGS,
947 1565 995 1594 ut
1011 1566 1121 1594 recte
1145 1556 1304 1594 Latina
1335 1557 1535 1608 praeive-

66 1620 191 1660 runt,
236 1619 278 1648 et
313 1625 446 1663 nuper
479 1613 583 1651 fecit
613 1627 784 1666 quoque
815 1613 947 1653 Faber.
1007 1612 1120 1650 Mox
1152 1613 1355 1663 διφθέραν
1387 1612 1534 1664 inepte

67 1676 288 1705 verterunt
306 1666 498 1707 salmurii
525 1684 663 1721 sagum
684 1678 725 1707 et
745 1669 934 1721 ineptius
972 1681 1088 1706 nunc
1113 1667 1535 1724 impressumfagum.

67 1723 196 1762 Faber
216 1723 419 1762 rhenoncm
437 1725 670 1764 transtulit.
714 1726 859 1765 Gnffox

183 1778 285 1818 Εαᾶ
316 1782 343 1820 l.
379 1783 443 1824 15.
493 1783 548 1821 Εἰ
575 1779 628 1832 μὴ
651 1781 897 1835 ἐμφράξηται
933 1791 1012 1821 etc.
1026 1785 1047 1832 )
1086 1781 1245 1826 Vetto,
1285 1782 1364 1818 nisi
1390 1780 1540 1819 hiatum

71 1839 203 1884 istum,
239 1845 273 1873 et
288 1846 469 1889 perpetuo
491 1840 866 1891 apertamfisturam
889 1838 1149 1876 ulitur-averit:
1173 1835 1312 1906 quod
1317 1835 1390 1872 hic
1415 1846 1477 1874 est
1494 1834 1540 1877 τὸ

74 1889 432 1943 ἀναπεπταμένον,
473 1892 517 1929 id
555 1907 600 1929 m
638 1893 757 1932 Dial.
793 1895 926 1934 Mort.
966 1894 1043 1932 IV
1083 1892 1126 1933 τὸ
1160 1889 1337 1949 ἅνεωγὸς
1365 1891 1539 1933 dicitur.

74 1948 235 1987 'Passim
257 1946 369 2000 apud
388 1947 611 1986 Lucianum
633 1948 676 1990 τὸ
700 1946 824 1989 ἁναπε
809 1966 950 2001 πταμε
937 1950 1025 1990 ’νον
1047 1948 1228 1987 sumitur
1247 1961 1324 2000 pro
1346 1957 1541 2000 apertura,

80 2005 172 2042 sive
200 2017 278 2056 pro
309 2019 372 2052 eo,
417 2003 524 2066 quod
548 2016 723 2056 apertum
747 2016 814 2044 est.
875 2006 941 2043 Ita
966 2004 1017 2042 de
1051 2006 1199 2043 Domo
1229 2005 1245 2055 ᾧ
1275 2009 1320 2046 3
1339 2008 1376 2046 6.
1405 2005 1542 2043 Μεισ.

82 2058 222 2100 C.ond
246 2066 279 2113 ς.
303 2066 341 2103 3.
366 2058 479 2097 Abdi
469 2074 518 2097 c.
537 2059 577 2110 §-
595 2066 663 2103 27.
701 2061 917 2099 V11rxxo.
966 2061 1048 2099 Pro
1075 2063 1110 2101 εἰ
1136 2059 1188 2113 μὴ
1210 2059 1407 2111 rescripsi
1424 2058 1545 2113 {ww}

81 2131 133 2156 ex
149 2117 254 2169 Aug.
276 2114 374 2155 vid.
394 2115 610 2157 Her-,mann
635 2115 687 2155 ad
712 2117 845 2169 Vigor.
870 2132 911 2170 p.
938 2121 1033 2160 791
1074 2117 1144 2156 Sic
1158 2125 1210 2156 et
1231 2115 1366 2153 Diall.
1393 2116 1546 2157 BQIortt

83 2173 168 2222 III,
189 2172 444 2214 2-1v1a11hiae
461 2186 538 2223 pro
559 2172 767 2227 vulgatis:
802 2172 910 2226 εἰμὴ
939 2174 978 2223 ἐς
1001 2172 1224 2228 Λεβάδειαν
1245 2188 1319 2227 γαρ
1343 2172 1544 2226 παρέλθω,

84 2238 200 2268 recte
232 2227 396 2267 edidit:
424 2245 478 2280 ἠν
499 2225 552 2281 μὴ
577 2239 656 2268 etc.
689 2229 847 2269 Leuni.

196 2282 258 2321 Εα
262 2282 299 2321 (ἶ-
334 2286 360 2323 l·
386 2289 448 2327 16.
483 2286 559 2333 Εἰς
578 2283 622 2326 τό
642 2282 749 2334 ἅπαξ
771 2282 831 2326 ἄν.
839 2289 855 2333 )
880 2287 981 2325 Tan.
1003 2285 1130 2324 Faber
1151 2285 1271 2324 aliter
1287 2282 1393 2322 haec
1416 2284 1552 2337 conji-

90 2340 150 2380 cit
186 2338 512 2392 transponenda.
573 2340 655 2380 Sed
688 2342 885 2394 profecto
918 2345 975 2390 εἰς
1002 2341 1047 2383 τὸ
1076 2340 1180 2391 ἅπαξ
1221 2340 1554 2394 ἀναπεπταμένον

90 2409 216 2436 sensu
239 2395 595 2447 commodissimo,
628 2406 670 2435 et
682 2396 784 2435 huic
803 2400 900 2437 loco
924 2399 1024 2436 satis
1046 2398 1342 2444 conveniente,
1370 2395 1551 2435 dicitur·
1539 2417 1552 2444 ς

93 2466 215 2506 quem
238 2465 322 2489 non
345 2451 522 2491 absurde
544 2454 751 2505 expressit
775 2453 1001 2506 interpres,
1040 2465 1262 2508 perpetuam
1291 2452 1557 2505 perstillatio—

93 2525 193 2547 nem.
214 2507 350 2556 Adde,
366 2506 480 2559 quod
497 2509 796 2561 Th.Ma02·⁶-1er‚
808 2524 914 2548 voce
926 2510 1225 2573 ΚΛΘΑΙΙΑΞ,
1237 2509 1340 2546 haec
1353 2509 1477 2547 verba
1491 2523 1556 2559 eo,

95 2578 181 2617 quo
196 2561 354 2602 hodie
343 2577 387 2600 m
399 2563 579 2603 Luciano
591 2564 784 2617 legimus,
800 2565 949 2605 ordine
971 2565 1225 2619 disposita,
1213 2580 1259 2602 m
1287 2562 1555 2603 dictionibus

96 2619 254 2658 Atticis
268 2618 447 2671 adlegat.
469 2620 590 2660 szs.
621 2620 745 2660 Dem.
767 2624 854 2673 (77.
873 2621 921 2662 C.
928 2623 1057 2672 )Tan.
1074 2621 1202 2659 Faber
1222 2623 1258 2662 εἰ
1276 2618 1381 2673 μή-
1391 2622 1557 2675 ε’μφραξ.

99 2684 236 2714 -etc.
262 2676 340 2715 ΤΙι.
356 2675 471 2726 Mag.
495 2691 587 2714 cum
611 2675 743 2718 Codd.
765 2678 920 2716 nostris
944 2678 1082 2716 facit
1070 2691 1115 2715 m
1143 2675 1358 2726 Καθάπαξ.
1389 2677 1556 2719 SOLAN.

214 2731 310 2784 Pag.
343 2735 470 2775 82.1.
503 2738 541 2775 3.
567 2729 649 2773 Ἐκ
670 2737 740 2785 τῆς
760 2736 930 2787 Αἴτνης)
960 2733 1056 2774 Illic
1078 2733 1193 2775 enim
1212 2731 1359 2774 fabrili
1379 2734 1460 2773 arti
1483 2733 1563 2773 da-

108 2802 151 2827 re
181 2801 348 2841 operam
373 2789 581 2829 feruntur.
615 2789 757 2831 BROD.
