1778 3194
240 273 430 306 CXXVIII
519 273 539 302 J
576 271 622 300 O.
703 272 731 301 'F
768 271 802 302 lt
839 271 869 300 E
904 271 949 302 D.
1032 270 1067 302 Ρ..
1104 272 1132 301 Ε
1167 274 1185 302 1
1222 272 1250 301 T
1289 273 1313 301 Z
1351 273 1370 304 l
1407 276 1423 305 1

240 373 391 428 praelo
423 378 595 426 paratas
629 367 920 424 reliquissetf
941 370 1016 410 vel
1039 369 1123 409 hoc
1153 369 1332 411 nomine
1369 369 1545 422 egregie
1586 386 1713 414 com-

239 437 543 480 mendabilem
571 439 766 478 suturam
792 437 1023 477 cernebam
1049 435 1318 488 editionem,
1361 438 1399 477 si
1427 439 1532 478 solis
1556 438 1718 491 horum

238 505 439 557 duorum,
463 502 621 545 Gesner-i
640 519 687 545 ac
713 503 866 557 Solani,
886 503 1209 550 accessionibus
1232 503 1415 545 ditatam
1441 506 1707 547 emitterem.

347 640 430 682 His
448 640 731 684 consideratis
745 673 756 691 ,
787 646 932 682 cetera
953 640 1077 695 coepi
1099 639 1399 695 pervestigare
1421 639 1706 693 adminicula,·

241 722 358 766 quae
375 710 490 749 mihi
514 723 539 753 a
568 708 593 749 J
607 724 630 750 a
643 724 662 748 c
678 710 741 748 ob
755 723 780 748 o
810 708 910 750 We
924 716 972 748 ts
989 716 1038 747 te
1053 723 1078 746 n
1095 710 1147 747 io
1163 739 1174 758 ‚
1207 711 1390 762 ejusque
1411 710 1529 748 socio
1550 722 1597 748 ac
1617 710 1715 747 sra-

234 786 304 817 tre
346 791 426 833 per
470 776 744 817 adfinitatem
775 779 946 827 juncto,
987 774 1025 815 G
1036 790 1062 814 u
1075 776 1090 813 l
1103 776 1118 813 i
1132 788 1154 813 e
1167 776 1183 814 l
1196 790 1240 814 m
1254 788 1278 813 o
1319 773 1348 814 S
1362 789 1407 814 m
1420 776 1436 814 i
1448 784 1467 814 t
1479 776 1510 814 h
1555 773 1709 815 trade-

236 845 418 895 bantur,
440 844 588 884 medio
613 847 705 883 fere
731 858 845 883 anno
870 848 991 886 1737.
1018 844 1298 898 comperique
1315 875 1325 891 ‚
1353 843 1458 882 satis
1476 855 1710 897 superesse

233 913 466 953 molestiae
490 913 534 952 in
560 912 616 951 iis
635 913 683 950 in
704 911 905 951 ordinem
925 910 1176 962 redigendis
1205 924 1253 949 ac
1274 908 1595 959 describendis,
1629 922 1710 948 nec

232 979 332 1019 fieri
353 993 498 1035 posse²
518 986 565 1018 ut
584 979 680 1019 sine
706 980 795 1018 ulla
816 976 965 1018 addita
984 977 1368 1019 animadversione
1390 986 1465 1018 aut
1486 992 1709 1019 commen-

240 1047 406 1088 tatione
431 1047 486 1087 iis
508 1054 666 1086 uterer.
724 1046 823 1087 Non
848 1054 992 1086 tamen
1012 1059 1083 1085 me
1105 1045 1322 1086 deterruit
1344 1047 1468 1087 labor
1488 1046 1564 1085 ille
1579 1078 1590 1096 ,
1622 1059 1709 1099 quo

230 1129 303 1155 me
330 1128 382 1154 eo
405 1115 592 1155 celerius
627 1113 808 1165 defungi
828 1128 957 1169 posse
990 1112 1286 1164 confidebam,
1318 1112 1436 1169 quod
1465 1115 1514 1153 in
1545 1115 1709 1164 legen-

231 1180 298 1221 dis
318 1180 498 1222 Luciani
529 1181 704 1236 scriptis
737 1194 827 1219 non
855 1181 987 1234 plane
1018 1182 1180 1234 hospes
1212 1195 1356 1232 eram,
1387 1190 1437 1222 ut
1465 1196 1523 1221 ex
1543 1180 1705 1222 crebris

230 1248 429 1300 ejusdem
452 1248 582 1297 locis,
601 1260 710 1302 quos
731 1248 778 1285 in
800 1248 916 1287 notis
937 1263 958 1287 a
982 1262 1052 1288 me
1077 1247 1286 1288 adductos
1313 1257 1356 1289 et
1373 1251 1491 1288 inter
1513 1262 1559 1289 se
1580 1261 1707 1287 ecun-

228 1324 406 1372 paratos
427 1313 598 1355 videbis
617 1345 628 1364 ‚
660 1314 843 1368 patebit.
904 1315 1052 1355 Satius
1073 1316 1207 1367 igitur
1239 1315 1348 1355 duxi
1363 1316 1614 1355 >editionem
1635 1328 1701 1364 ea,

230 1398 363 1437 (piam
385 1391 557 1437 tempus
578 1382 885 1437 permittebat,
918 1381 1147 1433 diligentia
1167 1385 1453 1438 promovere,
1485 1397 1615 1437 quam
1637 1381 1704 1421 ni-

229 1452 319 1493 mia
339 1449 625 1493 solicitudine
656 1450 826 1501 singula
846 1449 1176 1504 pervestigandi
1204 1450 1370 1491 diutius
1397 1464 1614 1506 premere.

340 1585 399 1627 Et
419 1584 620 1641 quamvis
641 1584 781 1625 lector
804 1599 894 1624 non
914 1586 1054 1624 soleat
1076 1598 1244 1637 rogare,
1276 1599 1432 1640 quam
1463 1585 1594 1635 cito,
1619 1582 1700 1624 sed.

228 1668 396 1710 quam
424 1649 601 1694 bene?
633 1653 930 1693 necessarium
960 1662 1111 1694 tamen
1141 1654 1214 1693 hic
1245 1661 1312 1692 est
1341 1666 1699 1702 commemorare,

225 1735 358 1779 quam
384 1735 540 1778 parum
573 1721 786 1775 temporis
826 1719 880 1759 ad
905 1721 1014 1760 haec
1044 1719 1376 1776 deproperanda
1413 1722 1526 1762 mihi
1563 1720 1702 1761 fuerit

223 1803 504 1840 concessumt,
536 1787 646 1829 adeo
669 1795 718 1827 nt
741 1785 965 1827 interdum
986 1801 1042 1826 ne
1070 1789 1261 1842 spatium
1283 1788 1460 1842 quidem
1490 1801 1697 1843 superes-

219 1866 290 1900 set
323 1857 377 1898 ad
412 1855 677 1897 excutienda
711 1863 918 1910 excerpta
946 1868 1044 1894 mea
1067 1856 1285 1907 literaria,
1318 1870 1376 1896 ex
1403 1857 1560 1912 quibus
1578 1857 1696 1897 alio-

222 1939 322 1966 rum
342 1933 571 1965 auctorum
589 1924 846 1964 testimonia
866 1921 920 1962 ad
943 1923 1262 1964 confirmandas
1281 1926 1516 1965 nonnullas
1537 1938 1698 1964 emen-

220 1992 429 2033 dationes
446 1992 654 2033 facientia
679 1990 920 2045 producere
944 1991 1208 2045 potuissem3
1240 1990 1339 2031 dato
1364 1992 1482 2032 enim
1502 2006 1583 2032 sex
1600 2000 1695 2032 tan-

218 2069 315 2102 tum
345 2059 721 2100 hebdomadarum
742 2057 797 2098 ad
824 2059 990 2112 alisluot
1011 2059 1208 2113 plagulas
1238 2061 1388 2114 praelo
1415 2073 1691 2114 praeparan—

218 2128 296 2170 das
328 2128 495 2184 spatio,
527 2141 706 2183 operam
742 2125 904 2167 deinde
933 2127 1183 2180 bibliopolis
1214 2126 1365 2168 addixi
1398 2140 1449 2166 ea
1476 2128 1598 2178 lege,
1638 2135 1689 2167 ut

213 2195 336 2237 haud
352 2196 603 2250 interrupto
625 2193 846 2235 scribendi
868 2195 1016 2234 labore
1046 2202 1219 2234 tantum
1238 2192 1433 2249 quotidie
1453 2194 1581 2248 pensi
1603 2196 1689 2235 ab-

215 2266 679 2318 solverem,quantum
698 2261 817 2302 haud
834 2261 1022 2315 impiger
1044 2264 1276 2315 typotheta
1300 2261 1550 2302 continuata
1572 2277 1689 2318 ope-

211 2346 261 2373 ra
283 2332 403 2386 typis
431 2330 679 2372 describere
706 2330 899 2379 valeret,
930 2327 977 2366 id
1009 2327 1126 2382 quod
1153 2328 1364 2380 fideliter,
1396 2336 1610 2382 quantum
1634 2331 1684 2371 in

210 2414 284 2441 me
310 2400 416 2451 fuit,
447 2398 673 2455 praestiti,
704 2405 836 2451 atque
856 2396 918 2436 ita
945 2397 1138 2450 quinque
1168 2411 1384 2436 annorum
1411 2396 1551 2450 spatio
1572 2411 1683 2451 opus

209 2467 269 2507 ad
296 2469 433 2508 finem
464 2466 664 2522 perduxi.
726 2463 889 2505 Omnia
919 2466 1039 2504 enim
1071 2463 1124 2503 ad
1148 2463 1321 2503 Luciani
1352 2477 1505 2520 corpus
1537 2465 1684 2519 perti-

208 2536 361 2575 nentia
384 2537 501 2591 typis
530 2537 620 2586 jam
645 2533 863 2588 descripta
879 2534 1004 2572 fuere
1031 2544 1184 2572 mense
1204 2529 1385 2571 Octobri
1413 2536 1562 2583 1742.;
1594 2531 1673 2571 sed

206 2600 386 2644 Indices
408 2605 679 2658 complures„
703 2601 859 2655 quibus
879 2600 1047 2654 priores
1073 2597 1169 2640 edd.
1193 2601 1417 2647 carebant,
1444 2597 1679 2649 adjiciendi

211 2683 373 2710 novam
398 2670 592 2720 injecere
620 2667 876 2724 properanti
895 2680 1085 2720 moram,
1118 2674 1249 2722 atque
1278 2667 1490 2720 effecere,
1519 2670 1570 2707 ut
1587 2680 1679 2709 non

206 2737 332 2794 prius
351 2737 565 2790 publicari
585 2735 830 2794 potuerint.
