1778 3194
475 235 1216 271 1NHALCYONEM.
1489 227 1590 273 493

124 333 335 405 ὅυνᾶμεις“
366 336 561 390 superius
586 350 622 376 0.
641 339 687 380 3.
708 333 812 390 πρὸς
831 331 903 376 τόν
921 333 1052 377 πάντα
1075 337 1214 377 αἰωνα.
1274 335 1395 375 Infra
1418 334 1522 404 πρὸς
1544 335 1602 378 τὰ

121 410 250 445 mpura
266 398 468 442 παντελῶς
485 394 630 448 βρέφη.
662 401 704 431 et
724 407 759 432 0.
786 397 826 435 6-
848 389 955 459 πρὸς
976 393 1108 434 ἐκεῖνα
1129 401 1171 432 et
1193 391 1296 446 πρὸς
1318 391 1388 440 τὰς
1405 390 1596 446 ημετέρας

123 447 326 514 δυνᾴμεις.
386 451 444 488 Et
473 459 612 488 mtum
639 451 697 498 εἰς
725 462 814 488 non
844 462 898 488 ex
927 444 1003 500 ὥς,
1037 449 1110 488 sed
1130 463 1182 488 ex
1214 449 1593 503 interpretamento

125 506 245 546 vocis
264 505 562 560 2190'3.L1·:11M.

238 620 340 658 Ead
372 624 400 658 l·
435 624 474 662 7
514 621 690 673 Τεχνων)
720 620 854 660 Recte
876 618 1043 659 viderat
1054 618 1305 669 Benedictus,
1329 618 1394 657 uti
1414 627 1457 657 et
1476 618 1594 658 ,Mar-

123 674 238 715 cilius
259 686 301 715 et
324 676 520 727 Vorsiius,
553 677 614 714 sic
634 676 883 731 legendum,
917 691 1004 715 non
1026 681 1185 729 τειχῶν,
1221 674 1373 728 quod
1361 689 1406 713 m
1438 674 1595 727 pleris-

123 744 209 784 que
233 733 404 786 legitur.
463 709 817 772 Emendationem
850 746 997 771 eorum
1022 732 1192 770 firmant
1225 730 1288 772 ed.
1313 732 1352 772 J.
1385 740 1426 769 et
1455 729 1594 769 Codd.

121 787 232 828 Mss
254 790 302 828 P.
326 798 367 827 et
390 791 435 828 L.
469 789 636 827 SOLAN.
697 789 874 841 Recepi,
908 788 1055 842 quod
1043 802 1087 827 m
1111 789 1150 827 J.
1190 787 1242 827 V.
1277 792 1318 829 2.
1342 786 1384 826 S.
1407 788 1465 825 A.
1508 787 1595 825 fuit

122 857 368 897 expressum
387 875 398 893 ‚
430 844 703 898 itidemque
691 860 737 883 m
766 846 956 913 margine
985 846 1041 885 A.
1066 851 1103 888 1.
1134 844 1196 885 JV.
1229 843 1417 896 reliquae
1440 847 1591 895 τειχῶν.

122 899 175 939 In
200 902 305 942 Exc.
325 902 370 940 P.
394 901 499 939 haec
515 910 742 941 notantur.
778 900 843 942 διὰ
862 907 941 944 τῶν
959 901 1117 955 τειχων]
1150 918 1210 954 γρ.
1234 917 1279 941 τυ
1282 917 1364 952 ’ων
1385 917 1410 952 η
1430 917 1467 940 τε
1472 904 1592 951 χναῖν.

118 955 253 995 Aliud
272 958 439 1010 reperio
460 956 506 994 in
530 957 636 996 Exc.
661 972 712 996 ex
737 958 955 1013 Clerisioph.
977 957 1168 1011 Longolii
1185 957 1368 996 Luciano
1382 970 1475 994 curn
1488 957 1594 997 IvIss.

122 1015 304 1052 collato.
337 1012 404 1055 δια
424 1017 502 1054 τῶν
524 1018 665 1067 χειρῶν
696 1015 977 1066 (festinantis,
1009 1024 1058 1053 ut
1079 1026 1284 1068 auguror,
1317 1011 1594 1064 descriptoris

121 1081 263 1108 errore
286 1084 364 1121 pro
392 1087 556 1123 τειχων,
589 1081 638 1109 ut
664 1071 822 1124 legitur
849 1071 892 1108 in
915 1073 970 1113 A..
995 1076 1029 1113 1.
1059 1070 1162 1110 anni
1187 1069 1372 1108 MDIII.
1399 1067 1450 1106 ad
1474 1071 1595 1121 cujus

126 1138 242 1164 oram
263 1124 395 1164 adlita
416 1127 502 1164 fuit
522 1126 627 1166 haec
648 1128 809 1166 vetusti
823 1127 999 1167 Codic1s
1021 1126 1216 1178 collatio)
1235 1121 1407 1176 τουτων]
1438 1129 1594 1178 χειρῶν.

121 1185 271 1235 τεχνῶν
288 1185 380 1223 τῶν.
440 1182 660 1223 Praeterea
691 1201 730 1237 χε
717 1188 833 1237 tpcziv
859 1183 1072 1223 habebant
1093 1184 1140 1224 C.
1181 1192 1287 1222 teste
1319 1181 1491 1221 Solano:
1524 1194 1595 1220 eo-

125 1250 210 1290 que
242 1248 368 1290 pacto
399 1238 671 1291 jampridem,
707 1250 929 1304 antequam
959 1240 1064 1279 haec
1100 1238 1326 1287 vidissem,
1364 1236 1595 1291 legendum

122 1307 213 1333 esse
228 1303 482 1335 statueram:
505 1310 642 1349 neque
665 1310 728 1335 me
752 1298 948 1347 poenitet
971 1295 1210 1336 sententiae
1230 1294 1401 1347 pristin
1390 1307 1460 1332 1e:
1493 1293 1596 1330 licet

127 1363 241 1388 enlm
271 1355 415 1404 τεχνῶν
446 1350 651 1404 adspectu
681 1353 820 1405 primo
855 1353 957 1390 satis
987 1351 1183 1390 videatur
1213 1349 1593 1398 adcommodatum,

124 1405 163 1443 si
186 1415 327 1445 tamen
353 1406 568 1446 adtentius
590 1411 799 1461 explores,
833 1407 946 1446 nihil
966 1407 1093 1447 babet
1112 1439 1122 1460 ,
1157 1406 1274 1460 quod
1294 1406 1346 1444 ad
1373 1416 1596 1458 praestan-

122 1461 225 1499 tiam
248 1463 422 1502 alterius
442 1464 642 1502 lectionis
667 1464 901 1517 comparari
922 1465 1082 1517 possit:
1115 1479 1210 1502 nam
1232 1463 1414 1515 primum
1433 1479 1474 1502 αι
1493 1477 1598 1502 κατα

122 1515 193 1559 τὸν
215 1520 307 1571 βίον
327 1518 489 1572 πραξεις
510 1529 632 1569 arteS,
655 1534 758 1572 quas
784 1520 978 1559 homines
1000 1530 1212 1568 exercent,
1228 1522 1309 1569 jam
1332 1519 1457 1556 simul
1482 1532 1599 1556 com-

124 1574 444 1627 plectebantur:
458 1575 610 1615 deinde
622 1573 774 1616 τούτων
787 1575 1029 1628 adpositum
1042 1590 1214 1628 prorsus
1226 1578 1414 1628 languet,
1421 1588 1467 1611 ac
1479 1574 1598 1627 vigo-

125 1644 211 1669 rem
223 1630 429 1670 orationis
441 1631 721 1671 interturbat:
748 1629 974 1684 denique'
951 1646 1024 1673 οσα
1036 1630 1102 1673 cuc
1115 1648 1239 1672 τωντ
1242 1648 1360 1692 χνων
1360 1647 1511 1671 τουτων
1526 1628 1596 1671 ου’·

127 1703 179 1727 τω
191 1684 484 1740 πολυμηχάνων
497 1683 740 1741 ἐργάζονται,
746 1697 794 1725 ut
807 1687 858 1725 ad
872 1689 1085 1741 reliquum
1099 1687 1305 1726 dictionis
1318 1684 1598 1739 nitorem,qui

128 1742 249 1781 hoc
238 1758 283 1780 m
304 1743 463 1795 scripto
485 1747 688 1796 perlucet,
724 1743 950 1782 admodum
972 1743 1253 1797 respondeat,
1287 1742 1408 1781 valde
1434 1756 1596 1781 vereor.

128 1798 290 1836 Contra
310 1803 452 1852 χειρῶν
472 1798 767 1852 adoptaveris,
801 1814 902 1837 mox
923 1800 1027 1839 istae
1048 1798 1319 1838 difficultates
1349 1813 1436 1837 non
1459 1802 1598 1837 solum

128 1865 395 1904 evanescent,
430 1854 502 1894 sed
525 1855 668 1893 omnia
689 1856 750 1893 ita
774 1865 898 1894 erunt
931 1865 1175 1908 opportuna
1192 1886 1203 1904 ‚
1235 1865 1284 1892 ut
1307 1854 1420 1891 nihil
1446 1854 1602 1907 magis.

135 1915 222 1952 Τῶν
240 1916 381 1964 χειρῶν
404 1908 585 1961 τούτων,
629 1914 834 1950 extollere
863 1926 1010 1949 manus
1040 1920 1081 1950 et
1113 1921 1348 1950 monstrare
1381 1909 1598 1949 Socratem

129 1966 265 2015 crede,
300 1977 500 2019 tanquam
522 1977 650 2006 testes
669 1968 743 2017 rei,
778 1981 901 2020 quam
919 1967 1177 2020 proferebat,
1210 1966 1597 2005 luculentissimas:

129 2032 230 2061 sunt
249 2033 386 2063 autem
419 2038 563 2063 revera
597 2037 768 2073 manus,
821 2033 864 2063 et
890 2029 1101 2062 vocantur
1129 2020 1405 2076 πολυμήχανοι
1423 2032 1511 2060 tum
1544 2021 1596 2060 ab

127 2078 237 2127 aliis,
271 2089 358 2117 tum
382 2095 404 2118 a
431 2080 579 2119 Galenc
613 2079 663 2118 de
686 2080 778 2117 Usu
797 2080 982 2132 partium
1005 2093 1122 2131 corp.
1144 2079 1256 2120 hum,
1289 2079 1364 2118 lib.
1394 2078 1428 2118 I.
1464 2088 1504 2116 et
1535 2078 1598 2117 Π.

127 2135 242 2205 quia,
255 2145 302 2173 ut
319 2136 378 2174 ait
391 2137 562 2175 Aristot.
577 2135 627 2174 de
641 2136 782 2174 Anim.
799 2137 951 2177 Gener
961 2135 1034 2174 IV.
1049 2149 1089 2186 p
1106 2141 1199 2179 106
1211 2132 1332 2189 ἦχειρ
1352 2137 1482 2200 εοικεν1
1494 2133 1598 2178 εἶναι.

128 2190 199 2244 οὐχ
215 2194 262 2232 ἓν
293 2190 490 2247 ὄργανον,
522 2190 621 2234 ἀλλὰ
640 2190 786 2233 πολλά·
817 2194 898 2233 ἔστι,
917 2191 990 2245 γὰρ
1011 2188 1175 2245 toga-1:595}
1204 2190 1380 2246 ὄργανον
1406 2188 1486 2245 πρὸ
1523 2190 1598 2246 ὄρ·-

130 2245 288 2301 γάνων·
321 2259 545 2302 propterea
569 2247 683 2300 quod
704 2263 852 2286 manus
875 2247 1044 2297 habeat,
1077 2248 1238 2286 idcirco
1270 2247 1485 2287 hominem
1505 2261 1596 2287 esse

130 2304 489 2356 sapientissimum
545 2304 743 2344 censebat
790 2306 1087 2357 Anaxagoras,-
1147 2318 1386 2358 quanquam
1429 2304 1596 2352 melius,

131 2360 295 2398 Galeno
319 2360 591 2415 suffragante,
625 2361 830 2399 rationem
857 2361 973 2399 illam
995 2361 1159 2398 Aiistot
1165 2363 1248 2398 eles
1261 2369 1459 2409 invertat
1496 2360 1599 2412 quia.

130 2415 243 2454 inter
272 2416 522 2455 universum
551 2431 683 2470 genus
719 2417 965 2455 animalium
999 2417 1336 2469 sapientissimus
1371 2424 1454 2465 est,
1498 2415 1596 2454 ideo

131 2471 274 2510 datum
298 2486 383 2511 esse
404 2471 569 2511 homini
593 2486 615 2510 a
644 2483 806 2523 natura,
839 2483 887 2510 ut
906 2473 1099 2511 manibus
1120 2472 1174 2509 sit
1196 2471 1427 2524 praeditus„
1482 2472 1598 2511 Hinc

130 2528 273 2567 eadem
305 2542 429 2580 opera
459 2539 600 2581 patet,
635 2531 789 2567 frustra
813 2531 928 2575 fore,
961 2529 997 2566 si
1023 2528 1116 2581 quis
1145 2527 1337 2579 objiciat,
1371 2528 1597 2580 praeteriri

132 2584 322 2636 potuisse
344 2585 471 2623 facile
492 2599 691 2623 manuum
725 2585 1011 2633 mentionem,
1046 2598 1138 2622 cum
1171 2598 1272 2622 mox
1309 2594 1511 2636 sequatur
1529 2583 1596 2624 διὰ

129 2643 202 2681 τοῦ
222 2638 402 2692 σώματος
421 2653 430 2661 ’
472 2641 580 2679 ratio
603 2641 714 2679 enim
740 2655 825 2680 non
848 2650 910 2680 est
936 2640 979 2677 in
1003 2639 1182 2678 obscuro
1199 2671 1209 2688 ‚
1245 2654 1318 2678 cur
1338 2653 1483 2677 manus
1504 2641 1606 2678 exi·v

130 2696 234 2733 mias
253 2695 472 2746 habuerit,
504 2706 545 2735 et
567 2696 738 2750 dignas,
774 2712 880 2749 quae
900 2710 999 2748 prae
1022 2696 1172 2735 ceteris
1203 2696 1392 2748 corporis
1417 2695 1596 2733 humani

131 2750 321 2792 membris
341 2755 456 2793 solae
475 2762 914 2796 commemorarentur.
946 2754 1124 2797 Hnmsu
1161 2753 1216 2793 Et
1237 2751 1508 2794 Sclcmiederus
1533 2766 1593 2791 te-
