1778 3194
185 282 285 317 xxx
491 277 1354 321 DEAETATE‚V1TA

299 377 650 423 Oeconomicum
683 375 818 417 etiam
856 374 1025 431 aliquid
1052 377 1251 429 tetigisse
1269 376 1450 420 videtur
1470 380 1518 421 in
1539 381 1662 422 1³12-

186 463 397 498 Glmfflrs,
431 444 683 486 describens
705 445 944 484 mulierum
962 445 1149 485 virtutes
1168 447 1450 501 praecipuas,
1481 456 1525 488 et
1546 452 1662 490 bona

185 517 382 574 corporis
403 521 447 554 et
466 513 629 553 animi:
661 525 773 567 quae
795 512 998 568 inprimis
1027 515 1076 554 in
1109 513 1348 555 domestica
1382 513 1664 560 administra-2

183 588 309 629 tione
337 596 434 625 sese
459 585 658 637 proferre
681 582 853 632 solent„

301 720 660 761 BotmnELons
688 715 843 757 eadem
868 707 1054 770 singulis
1076 716 1130 757 de
1157 717 1325 758 Luciani
1343 720 1518 774 scriptis
1540 733 1665 776 prae·

187 791 304 831 dicat
334 788 382 828 in
410 786 711 842 praefatione,
754 785 831 826 sed
861 786 1018 826 ordine
1051 787 1323 840 aliquantum
1356 789 1589 828 immutato
1622 796 1667 829 et

184 863 448 910 argumento
496 854 687 893 multum
734 851 941 905 dilatato,
1002 862 1226 894 auctorem
1275 856 1458 895 summis
1502 857 1666 911 ubique

185 926 390 969 laudibus
415 922 620 963 cumulat.
683 920 830 961 Missis
857 922 1111 962 autemillis
1131 923 1400 973 ambagibus,
1433 937 1480 962 ac
1501 925 1668 964 reseis-

188 995 271 1043 sis,
315 1004 427 1046 quae
454 990 668 1042 perlonga
698 997 743 1028 et
776 988 830 1028 ad
870 1004 1078 1044 pompam
1108 991 1349 1044 composita
1382 991 1582 1031 oratione
1612 989 1668 1031 de

187 1061 291 1102 satis
314 1059 484 1114 priscae
506 1057 817 1111 philosophiae
848 1058 1092 1112 praemittit
1117 1056 1416 1108 Bourdelofius,
1449 1057 1668 1113 quomodo

189 1130 245 1169 ab
279 1127 459 1180 antiqua
486 1125 767 1178 simplicitate
791 1139 839 1165 ac
868 1126 1036 1165 virtute
1071 1124 1329 1172 desciverit,
1366 1140 1499 1180 ‚quam
1531 1139 1670 1165 revo-

190 1209 289 1236 care
321 1193 573 1249 Epictetus,
619 1191 885 1243 Favorinus,
926 1186 1180 1243 Musonifis,
1221 1192 1485 1244 Demonax,
1517 1190 1671 1244 Nigri-

190 1277 297 1313 nus,
330 1269 375 1302 et
398 1261 476 1300 alii
499 1258 678 1314 quidam
698 1259 829 1309 boni,
861 1262 1023 1299 frustra
1045 1261 1294 1310 tentabant,
1327 1275 1375 1300 ac
1405 1262 1554 1315 potius
1582 1273 1669 1299 ex-

190 1331 341 1386 emplo
365 1328 543 1368 virtutis
568 1334 771 1365 austerae
800 1326 1018 1366 invidiam
1041 1327 1109 1366 sui
1130 1330 1451 1381 provocabantz,
1481 1326 1672 1381 ideoque

190 1398 530 1453 elephantorum
554 1394 760 1448 exemplo
796 1394 920 1434 taciti
952 1396 1212 1436 servitutem
1240 1395 1552 1452 deplorabant,
1586 1393 1675 1435 do·-

191 1480 272 1507 nec
304 1464 488 1504 unicum
532 1461 831 1501 continentiae
875 1463 1128 1516 exemplum
1156 1462 1418 1512 LuctAND-s,
1460 1462 1672 1502 vitiorum

191 1534 392 1574 omnium
413 1530 641 1579 inimicus,
676 1529 809 1569 unius
841 1529 1019 1568 virtutis
1052 1538 1095 1568 et
1114 1530 1668 1585 philosophiaeperi'ectae

190 1607 402 1643 sectator,
437 1597 507 1636 cui
539 1595 612 1652 (ut
627 1596 705 1636 ille
731 1596 824 1651 ait)
858 1596 942 1635 ZVec
970 1599 1071 1649 viget
1108 1596 1328 1651 quidquam
1354 1597 1481 1636 simile
1508 1607 1576 1635 aut
1601 1613 1668 1636 se-

190 1667 386 1717 cundum,
409 1666 541 1705 aliam
561 1665 682 1704 viam
704 1665 928 1716 ingressus
943 1694 953 1713 ‚
979 1664 1056 1703 ubi
1076 1672 1244 1704 rectum
1262 1665 1349 1705 iter
1370 1666 1489 1705 vitae
1522 1665 1670 1720 coepit

190 1735 438 1788 inspicere,
481 1746 579 1771 cum
611 1731 720 1786 ipsis
747 1731 964 1783 ingeniis,
1014 1732 1110 1787 ipso
1142 1734 1260 1784 sato,
1304 1741 1348 1773 et
1378 1734 1510 1789 ipsis,
1553 1732 1673 1788 quod

192 1805 343 1854 ajunt,
377 1798 472 1840 Diis
507 1799 771 1852 conflictari,
802 1800 1115 1854 liberrimaque
1146 1793 1451 1853 indignatione
1486 1814 1673 1856 corrup-

194 1876 264 1911 tos
283 1871 420 1911 totius
442 1867 726 1909 orbismores
747 1865 943 1908 mordaci
961 1866 1083 1909 Vero
1104 1867 1258 1910 radere
1282 1868 1439 1911 voluit.

302 2003 566 2046 Delibemus
588 2003 722 2056 igitur
742 2003 938 2044 breviter
960 2016 1010 2043 ea
1043 2011 1239 2054 tantum,
1273 2017 1384 2059 quae
1411 2002 1465 2044 de
1498 2003 1672 2059 scriptis

190 2074 289 2125 ejus
324 2071 598 2124 adem-atius,
630 2085 763 2126 quam
792 2072 1035 2123 Zuingerus,
1069 2072 1302 2129 exposuit,
1333 2085 1389 2113 ne
1426 2073 1492 2113 bis
1516 2072 1671 2114 eadem

191 2138 494 2194 propinemus.

308 2272 358 2315 Si
379 2273 497 2330 quis,
530 2272 617 2326 ait,
649 2272 869 2315 desiderio
898 2275 1055 2328 flagret
1087 2273 1283 2315 divinam
1314 2274 1488 2316 virtutis
1506 2275 1673 2328 imagi-

194 2355 300 2383 nem
325 2343 377 2382 ab
406 2341 592 2382 Luciano
624 2341 844 2397 depictam
876 2343 1066 2394 intueri,
1096 2342 1247 2383 videat
1279 2341 1512 2394 Dialogos‚
1555 2357 1673 2398 quo-

193 2423 294 2449 rum
327 2409 449 2449 tituli
477 2408 729 2461 IMAGINI-28,
760 2411 809 2449 in
843 2412 999 2466 quibus
1027 2409 1129 2451 dum
1151 2409 1397 2450 Pantheam
1417 2409 1669 2451 Abradatae

200 2478 430 2528 conjugem
462 2478 651 2531 effingit,
681 2480 895 2519 virtutem
926 2480 1106 2533 praebet
1139 2478 1399 2518 absolutam.
1460 2476 1548 2518 Sed
1580 2491 1672 2517 non

196 2544 341 2584 solum
366 2545 580 2586 virtutem
603 2544 922 2586 efformandam
942 2545 1220 2592 decreverat,
1250 2559 1405 2586 verum
1437 2545 1582 2585 omnia
1605 2545 1670 2584 in·

199 2624 353 2665 super,
396 2613 552 2665 quibus
592 2614 799 2665 conjungi
828 2612 945 2665 Dea,
987 2622 1031 2654 et
1058 2628 1083 2654 a
1116 2614 1272 2667 quibus
1309 2611 1500 2664 disjungi
1540 2612 1667 2651 solet.

197 2676 264 2720 Ne
299 2678 434 2731 igitur
463 2681 718 2722 incomitata
758 2682 1041 2736 procederet,
1081 2682 1269 2722 eximios
1309 2681 1450 2731 viros,
1492 2679 1670 2719 unicum

198 2755 516 2806 ornamentum
533 2747 751 2804 decusque
771 2752 951 2803 saeculi,
963 2749 1132 2792 addidit
1157 2748 1338 2790 comites
1353 2755 1397 2788 et
1419 2746 1668 2788 adsessores

199 2810 442 2857 Nlssnmtu
475 2823 518 2856 et
538 2814 875 2858 szoxAcTsM.
