1778 3194
423 261 1077 296 PROMETHEUS.

59 367 266 422 Αἴγυπτον
285 360 407 420 ἄγων,
422 360 619 417 ’κάμηλόν
635 378 675 404 τε
695 358 948 415 Βακτριανὴν
969 362 1259 414 παμμέλαιναν,
1291 361 1358 403 καὶ
1382 363 1437 402 ὃί-
1452 380 1487 414 p.
1515 373 1570 409 28·

1378 250 1440 295 ,21

56 451 215 489 χρωμον
245 430 491 487 ἄνθρωπον,
523 428 578 480 ὥς
606 429 651 473 τὸ
673 430 743 483 μὲν
773 425 969 483 ἡμίτομον
995 423 1146 480 αὐτοῦ,
1178 425 1351 484 ἀκριβῶς
1374 430 1438 483 μὲ-

56 508 131 545 λαν
152 500 274 553 εἶναι,
303 499 347 544 τὸ
376 498 411 543 δ’
438 500 592 555 ἕτερον,
622 500 663 548 ἐς
690 495 920 554 ’ὑπερβολὴν
948 495 1112 547 λευκὸν,
1144 497 1285 550 ἐπίσης
1309 498 1352 540 δὲ
1373 515 1437 551 με·

55 572 316 625 μερισμένον,
359 570 398 618 ἐς
423 566 467 611 τό
495 568 671 621 θέατρον
711 565 950 623 συναγαγών
972 566 1017 621 a)
1047 563 1142 614 τούς
1170 567 1436 619 Αἰγυπτίους,

56 640 308 682 ἐπεδείκνυτο
330 632 463 685 αὐτοῖς
490 633 588 677 ὅὶλλα
607 652 648 678 τε
675 632 802 677 πολλὰ
828 633 1034 689 θεάματα,
1066 634 1135 676 καὶ
1153 630 1196 675 τό
1215 639 1437 679 τελευταῖον
1450 649 1486 683 p-
1513 649 1569 684 29-

55 710 292 758 καὶταῦτα,
319 704 392 759 τὴν
419 701 622 758 κάμηλον,
652 705 720 745 καὶ
751 701 820 744 τὸν
848 701 1061 757 ἡμίλευκον
1094 699 1338 756 ἄνθρωπον·
1370 705 1439 746 καὶ

57 776 154 834 ᾠέτο
188 772 390 829 ἐκπλήξειν
417 777 473 829 τῷ
497 769 680 825 θεάματι.
733 773 776 814 οἷ
802 772 863 823 δὲ,
906 770 1008 828 πρὸς
1039 772 1108 825 μὲν
1138 769 1212 824 τὴν
1241 767 1436 825 κάμηλον,

54 843 344 900 ἐφοβήθησαν,
392 842 460 884 καὶ
497 839 632 897 ὀλίγον
670 843 753 882 δεῖν
783 841 936 895 ἔφυγον
973 836 1265 893 ἀναθορόντες·
1309 840 1441 881 καίτοι

54 919 193 971 χρυσῷ
228 917 339 954 πᾶσα
377 908 636 963 ἐκεκόσμητο,
695 909 764 950 καὶ
816 907 1024 965 ἁλουργίδι
1070 908 1312 961 ἐπέστρωτο,
1371 908 1441 948 καὶ

55 979 80 1024 ὅ
109 978 267 1035 χαλινὸς
296 974 350 1032 ἦν
377 976 684 1030 λιθοκόλλητος,
715 980 892 1031 Δαρείου
923 975 1049 1028 τινὸς,
1077 973 1108 1029 ἢ
1137 972 1383 1028 Καμβύσου,
1410 971 1441 1026 ἢ

52 1047 199 1102 Κύρου
225 1042 356 1090 αὐτοῦ
379 1044 587 1101 κειμήλιον
605 1041 666 1100 b).
715 1044 820 1100 πρὸς
848 1046 890 1087 δὲ
917 1045 988 1088 τὸν
1022 1042 1267 1098 ἄνθρωπον,
1299 1044 1342 1084 οἷ
1369 1041 1440 1095 μὲν

50 1118 195 1175 πολλοὶ
215 1116 378 1172 ἐγέλων·
411 1118 452 1158 οἷ
469 1115 512 1158 δέ
531 1131 652 1165 τινες,
683 1110 737 1162 ὦς
757 1114 822 1155 ἐπὶ
841 1115 972 1166 τέρατι
993 1111 1259 1167 ἐμυσάττοντο
1280 1111 1335 1161 c).
1368 1108 1440 1158 ὥς-

50 1201 91 1227 τε
107 1179 153 1236 d)
186 1180 207 1226 ὃ
235 1189 486 1237 Πτολεμαῖος
508 1184 657 1231 συνιεὶς
678 1180 739 1224 ὅτι
762 1180 835 1224 οὐκ
856 1177 1063 1235 εὐδοκιμεῖ
1079 1177 1145 1223 ἐπ’
1179 1178 1336 1230 αὐτοῖς,
1369 1173 1440 1221 οὖ-

51 1255 94 1295 δὲ
113 1249 358 1305 θαυμάζεται
378 1247 458 1292 ὗπό
485 1257 567 1294 τῶν
587 1253 821 1307 Αἰγυπτίων
846 1247 870 1303 fv}
891 1247 1101 1303 καινότης,
1133 1246 1231 1291 ἄλλα
1259 1247 1339 1303 πρὸ
1369 1244 1438 1288 αὗ-

51 1325 122 1374 τῆς
142 1319 186 1362 τὸ
206 1319 413 1374 εὔρυθμον
433 1320 502 1361 καὶ
522 1319 567 1362 τὸ
593 1318 804 1374 εὔμορφον
825 1320 1010 1373 κρίνουσι
1024 1352 1035 1369 ,
1067 1318 1301 1371 μετέστησεν
1323 1310 1441 1366 αὐτὰ,

46 1391 121 1432 καὶ
147 1389 241 1441 [τὸν
272 1385 500 1442 ἄνθρωπον
521 1387 591 1443 e)]
621 1384 758 1430 οὐκέτι
788 1386 856 1430 διὰ
884 1391 999 1441 τιμῆς
1031 1380 1129 1440 ἦγεν
1166 1381 1219 1433 ὥς
1241 1381 1320 1440 πρὸ
1348 1388 1439 1425 τοῦ·

96 1491 140 1536 a)
167 1486 473 1534 συναγαγών]
499 1484 643 1533 ἀγαγών
662 1490 709 1523 O.
729 1491 770 1523 P.
819 1489 865 1533 b)
892 1484 1171 1531 κειμήλιον]
1199 1483 1366 1530 καμήλου
1391 1485 1438 1519 Ο.

144 1538 186 1580 c)
213 1534 296 1580 ἐμυ
311 1535 570 1578 σάττοντο]
595 1537 650 1571 Μ.
674 1541 714 1569 et
734 1536 804 1569 Ox.
821 1537 990 1578 Excepta
1010 1535 1045 1567 5.
1069 1539 1109 1567 et
1120 1534 1160 1565 A.
1182 1532 1328 1575 priores
1347 1530 1440 1564 Edd.

141 1594 275 1616 omnes
295 1580 489 1625 ἐμυσσάττ.
510 1583 647 1613 Ηεηιεν.
671 1588 711 1614 et
730 1583 845 1613 Schm.
867 1579 1039 1624 ἐμυσάττ.
1089 1580 1138 1621 d)
1164 1581 1302 1618 ωςτε]
1330 1576 1354 1611 0‘
1374 1575 1442 1630 μέν

140 1637 211 1662 τοι·
231 1630 261 1661 J.
289 1640 422 1673 margo
453 1630 494 1659 A.
520 1639 548 1659 ι.
579 1627 638 1659 W.
670 1634 710 1661 et
741 1628 782 1659 A.
807 1639 838 1661 2.

908 1627 952 1668 e)
977 1623 1060 1659 τὸν
1087 1622 1372 1666 ἄνθρωπον]
1397 1634 1440 1656 το

140 1671 343 1719 ἄμορφον,
378 1673 441 1707 vel
463 1669 504 1708 τό
528 1669 672 1707 ἄτοπον
705 1673 804 1714 conj.
832 1674 972 1706 Jacobs.
1002 1671 1221 1705 Animadvv.
1244 1670 1291 1703 ad
1309 1668 1440 1711 Eurip.

141 1732 180 1766 p.
203 1733 280 1763 240.

329 1719 396 1753 Id..
412 1720 451 1752 in
468 1722 611 1752 Porsen.
643 1718 816 1752 Adverss.
839 1718 902 1753 καὶ
928 1714 973 1753 τό
998 1713 1214 1753 ἀλλόκοτον.

1264 1714 1442 1760 Spurium

142 1767 298 1800 omnino
317 1765 384 1801 τὸν
406 1762 613 1810 ἄνθρωπον
632 1776 715 1799 esse
736 1765 896 1799 videtur.

52 1875 181 1924 filius,
192 1890 286 1914 curn
305 1874 408 1913 duas
429 1889 494 1914 res
513 1888 645 1913 novas
669 1873 716 1912 in

52 1933 298 1986 Aegyptum
310 1930 569 1975 adduxisset,
584 1944 717 1969 came-

52 1990 141 2028 lum
181 1987 453 2026 Bactrianam
488 1995 623 2025 totam
652 1985 717 2022 ni-

33 2058 194 2099 gram,
227 2053 269 2082 et
308 2043 524 2082 hominem
556 2041 718 2080 bicolo-

51 2115 154 2150 rem,
167 2102 287 2153 cujus
301 2098 478 2137 dimidia
490 2112 583 2150 pars
594 2101 721 2150 plane

51 2156 200 2209 nigra,
243 2158 371 2194 altera
414 2164 553 2193 autem
592 2167 720 2206 supra

53 2211 228 2251 modum
257 2210 436 2250 candida
470 2220 583 2257 erat;
620 2223 721 2248 con-

55 2269 238 2322 gregatis
258 2267 303 2305 in
325 2267 537 2307 theatrum
550 2266 720 2320 Aegyp-

54 2324 130 2362 tiis
144 2353 155 2371 ‚
188 2323 387 2363 exhibuit
407 2324 495 2362 illis
521 2337 614 2360 cum
632 2323 721 2360 >alia

55 2382 190 2419 multa
223 2382 462 2433 spectacula
477 2412 491 2429 ,
528 2387 618 2416 tum
656 2378 721 2416 in-

54 2445 120 2476 ter
145 2445 371 2489 postrema,
400 2434 504 2473 haec
535 2448 720 2489 quoque,

57 2495 263 2531 camelum
289 2501 331 2531 et
365 2489 611 2530 semialbum
646 2489 722 2528 ho-

59 2549 213 2587 minem
232 2563 241 2587 2
274 2547 552 2600 putabatque,
578 2560 621 2584 se
638 2561 721 2584 ma-

62 2617 183 2658 gnam
197 2603 519 2642 admirationem
533 2602 617 2640 isto
631 2616 722 2654 spe-

63 2663 228 2698 ctaculo
271 2659 587 2698 concitaturum
618 2672 719 2697 csse.

62 2714 121 2752 At
134 2715 197 2752 illi
212 2714 263 2754 ad
281 2715 427 2754 cameli
442 2713 610 2768 quidem
625 2728 724 2752 con-

775 1884 838 1914 tes
859 1874 1152 1927 profugerent,
1188 1884 1444 1926 quamquam

775 1939 868 1968 tota
882 1945 928 1968 ea
943 1943 1045 1967 auro
1058 1938 1276 1976 exornata,
1286 1942 1333 1966 ac
1343 1942 1444 1981 put·

777 1999 883 2038 pura
895 1986 1073 2023 instrata
1085 1994 1187 2031 erat,
1200 1985 1368 2022 frenum
1382 1992 1446 2022 et-

779 2041 863 2079 iam
894 2039 1068 2094 gemmis
1089 2039 1340 2077 distinctum
1369 2037 1445 2076 ha·

777 2094 1443 2146 bebat,exDarii,autCambysis‚

779 2162 851 2191 aut
865 2153 991 2191 etiam
1005 2151 1140 2204 ipsius
1159 2150 1262 2202 Cyri
1277 2150 1446 2190 thesau-

778 2208 836 2246 ris
852 2207 1128 2260 depromtum.
1162 2207 1352 2245 Homine
1372 2220 1443 2244 au·

778 2274 862 2304 tem
884 2264 992 2312 viso,
1005 2264 1203 2317 plerique
1223 2260 1442 2301 ridebant:

781 2319 954 2374 quidam
973 2321 1100 2359 etiam
1130 2329 1180 2358 ut
1211 2326 1445 2357 monstrum

779 2386 880 2415 sunt
901 2377 1096 2415 aversati.
1145 2375 1286 2429 Quare
1303 2374 1445 2412 Ptole·

778 2447 921 2472 maeus
948 2433 1196 2486 intelligens
1226 2445 1269 2469 se
1298 2443 1444 2482 parum

778 2488 917 2528 laudis
939 2503 1100 2541 capere,
1114 2500 1252 2540 neque
1272 2484 1446 2524 novita-

779 2555 863 2584 tem
877 2543 992 2598 apud
1005 2543 1235 2597 Aegyptios
1250 2541 1295 2579 in
1314 2540 1445 2580 admi-

779 2602 948 2640 ratione
986 2615 1097 2647 esse‚
1149 2597 1222 2638 sed
1253 2612 1354 2651 prae
1379 2597 1446 2650 ip.

782 2671 825 2695 sa
854 2657 1189 2696 concinnitatem
1209 2657 1446 2708 justamque

786 2715 962 2752 formam
984 2711 1178 2765 probari,
1209 2708 1365 2749 abduci
1397 2722 1446 2748 ea

64 2779 254 2823 spectum
285 2770 501 2823 perterriti
528 2780 652 2820 sunt,
684 2779 727 2808 et
784 2764 1453 2823 jussit;necampliuseodemho·

12 2867 16 2881 ¹
63 2839 212 2879 parum
242 2825 380 2867 abfuit
397 2826 501 2883 quin
529 2825 728 2866 exsilien-
787 2839 891 2866 nore
909 2823 1075 2872 habuit,
1094 2836 1178 2880 quo
1200 2832 1336 2862 antea.
1367 2820 1448 2863 Ca·
