1778 3194
627 235 660 268 ἰ’
694 236 712 268 1
748 235 781 267 ιι
817 234 847 265 o
885 236 929 267 N.
1412 231 1476 277 69

100 336 191 392 μίας
208 333 413 392 τάπίχειρα
431 333 571 392 κομίζῃ
590 332 689 390 παρ’
707 330 861 386 αὐτῶν,
893 334 985 380 οὕτε
1000 337 1178 390 θύοντος
1196 340 1250 382 ἔτι
1267 354 1332 383 σοι
1349 338 1472 394 τινὸς,
1487 356 1520 391 p.
1538 349 1613 384 106.

101 402 192 448 οὔτε
212 410 526 458 στεφανοῦντος,
562 406 596 446 εἰ
621 399 674 457 μή
696 421 755 452 τις
773 402 852 457 ἄρα
878 402 1080 462 πάρεργον
1105 403 1361 462 Ὀλυμπίων·
1403 412 1471 453 καὶ

98 467 232 525 οὗτος,
264 470 312 516 οὔ
338 471 447 516 πάνυ
478 470 674 527 ἀναγκαῖα
699 478 829 514 ποιεῖν
852 475 1009 524 δοκῶν,
1040 470 1126 515 ἀλλ’
1156 477 1212 523 εἰς
1231 477 1327 526 ἔθος
1343 494 1380 519 τι
1399 473 1472 534 ἆρ-

95 547 210 595 χαῖον
233 546 439 584 συντελῶν.
469 543 535 584 καὶ
556 536 643 582 κατ’
665 535 800 596 ὀλίγον
824 539 986 596 Κρόνον
1012 555 1076 593 σε,
1109 536 1144 583 οἷ
1160 548 1270 585 θεῶν
1288 548 1470 600 γενναίο-

93 627 196 660 τατε,
229 606 518 662 ἀποφαίνουσι,
547 606 831 663 παρωσάμενοι
849 614 921 663 τῆς
940 615 1065 664 τιμῆς.
1109 611 1162 653 ἐῶ
1177 611 1301 665 λέγειν
1322 609 1472 656 ὁποσά-

92 695 155 727 κις
173 676 251 732 ’ἤδη
278 693 350 720 σου
370 680 418 730 ¹¹)
448 675 517 720 τὸν
533 674 638 720 νειὸν
656 675 917 731 σεσυλήκασιν
930 690 939 699 ·
981 682 1021 721 οἱ
1039 679 1081 721 δὲ
1101 680 1169 720 καὶ
1189 675 1298 736 αὐτῷ
1317 694 1380 722 σοι
1400 679 1471 731 τοὶς
1482 692 1518 726 Ρ·
1536 693 1616 728 102·

91 753 223 802 χεῖρας
255 743 523 800 Ὀλυμπιάσιν
562 743 842 800 ἐπιβεβλήκασι
863 748 918 798 ⁰).
965 749 1030 788 καὶ
1060 744 1107 788 σὺ
1149 743 1171 789 ὅ
1201 744 1472 802 ὑψιβρεμέτης

93 814 295 868 ὤκνησας,
324 812 352 867 ἢ
375 810 598 866 ἀντιστῆσαι
626 813 721 863 τούς
740 813 885 866 κύνας,
916 811 945 867 ἢ
962 812 1058 863 τούς
1090 816 1273 869 γείτονας
1295 817 1471 859 ἐπικαλέ-

91 890 265 936 σασθαι,
297 879 349 931 ὦς
368 880 717 936 βοηδρομήσαντες
738 880 886 932 αὐτούς
907 879 1169 937 συλλάβοιεν,
1196 885 1255 925 ἔτι
1279 898 1471 927 συσκευα-

90 953 276 1005 ζομένους
293 948 394 1005 πρὸς
410 948 482 1004 τὴν
500 949 651 1006 φυγήν·
680 946 769 992 αλλ’
792 969 812 993 ο
834 957 1040 1006 γενναῖος,
1071 953 1140 992 καὶ
1159 954 1467 1008 Γιγαντολέτωρ,

86 1022 154 1062 καὶ
182 1015 502 1073 Τιτανοκράτωρ,
533 1017 737 1072 ἐκάθησο,
766 1019 864 1068 τούς
883 1018 1115 1072 πλοκαμους
1144 1019 1469 1076 περικειρόμενος

84 1083 160 1129 υπ’
185 1084 338 1138 αὐτῶν,
370 1082 598 1140 δεκάπήχυν
620 1085 817 1143 κεραυνὸν
839 1089 950 1167 37(chP
961 1090 1003 1130 ἐν
1021 1093 1072 1144 τῇ
1093 1091 1216 1145 δεξιᾷ.
1245 1094 1366 1131 ταῦτα
1385 1090 1465 1132 τοί-

84 1172 181 1206 νυν,
214 1148 246 1196 ὠ
266 1153 488 1208 θαυμάσιε,
519 1158 670 1207 πηνίκα
696 1153 887 1198 παύσεται
908 1154 1036 1205 οὕτως
1059 1151 1213 1209 ἆμελοῒς
1230 1156 1514 1213 παρορώμε-Ρ·
1476 1164 1608 1205 1)·108·

84 1241 156 1274 να,
186 1220 214 1275 ἢ
234 1220 327 1264 πότε
343 1220 526 1271 κολάσεις
541 1222 588 1277 Ρ)
617 1222 692 1277 τήν
712 1222 907 1278 τοςαύτην
926 1222 1106 1276 ἅδικίανς
1137 1223 1260 1268 πόσοι
1282 1227 1465 1269 Φαέθον-

85 1308 161 1341 τες,
191 1289 218 1343 ἢ
235 1293 527 1341 Δευκαλίωνες,
558 1293 687 1334 ἱκανοὶ
709 1291 810 1345 πρὸς
843 1290 969 1340 οὕτως
989 1290 1234 1347 ὑπέραντλον
1252 1291 1370 1348 ὕβριν
1389 1299 1465 1336 τοῦ

81 1362 203 1414 βίου,-
231 1356 329 1400 ’Ίνα
347 1357 422 1414 γὰρ
445 1357 493 1400 τὰ
513 1357 627 1400 κοινοὶ
651 1358 792 1410 ἐάσας,
823 1355 928 1413 τᾶιιὰ
947 1362 1068 1411 εἷ’πω,
1100 1357 1314 1409 τοςούτους
1331 1359 1461 1416 Ἀθη-
1494 1365 1521 1407 5

127 1444 176 1486 ιι)
204 1438 438 1482 ο“ποσοὶκις
462 1439 549 1486 ἤδη
577 1443 687 1484 σου]
714 1439 870 1482 ποσάκις
897 1453 956 1477 σοι
974 1439 1047 1486 γὸη
1070 1443 1162 1486 Aug.
1237 1444 1280 1483 ο)
1303 1439 1463 1494 ἐπιβε-

175 1487 402 1534 βλήκασι]
426 1484 548 1535 α’ποβε
528 1488 596 1523 m.
620 1488 702 1522 cod.
728 1493 826 1532 1428.
876 1490 925 1533 p)
952 1486 1198 1546 κολάσεις]
1223 1485 1358 1534 κολάσῃ
1380 1488 1460 1523 cod.

172 1540 273 1578 1428.

81 1615 135 1655 iis
157 1613 311 1666 tulisti,
356 1615 427 1654 cui
455 1628 577 1655 nemo
608 1614 740 1654 hodie
799 1613 1203 1668 comprehenderent
1217 1614 1456 1668 sacrilegos,

79 1687 167 1712 rem
189 1686 346 1709 sacram
368 1671 488 1721 facit,
522 1686 600 1711 nec
620 1686 740 1710 coro-

79 1743 178 1767 nam
199 1727 369 1782 quidem
399 1728 611 1781 imponit,
654 1727 739 1765 nisi

80 1785 195 1823 forte
228 1798 337 1821 unus
371 1794 445 1822 aut
481 1787 585 1822 alter
618 1783 738 1837 quasi

81 1839 384 1892 Olympiorum
446 1840 739 1878 corollarium:

81 1895 210 1949 idque
235 1895 308 1949 qui
330 1895 410 1933 tibi
432 1904 629 1948 praestat,
655 1910 742 1934 rem

81 1967 125 1991 se
138 1951 251 1989 haud
273 1965 372 1989 sane
391 1951 741 2003 pernecessariam

80 2009 220 2047 facere
238 2006 476 2056 existimat,
508 2006 580 2046 sed
608 2008 742 2045 veteri

79 2063 225 2103 nescio
248 2063 317 2101 cui
344 2062 545 2101 instituto
566 2062 611 2100 id
633 2061 742 2100 dan-

81 2119 180 2159 dum
204 2117 353 2158 credit.
413 2118 487 2156 Illi
511 2128 572 2167 te,
608 2132 632 2156 o
653 2119 741 2157 De-

81 2190 201 2215 orum
228 2174 609 2227 praestantissime,
638 2189 740 2227 pau-

79 2232 199 2271 latim
221 2232 266 2268 in
288 2229 458 2268 Saturni
478 2232 619 2269 locum
632 2229 740 2269 redi·

81 2296 213 2342 gunt,
255 2287 328 2340 qui
360 2296 401 2326 te
431 2286 545 2325 omni
574 2286 739 2325 honore

79 2342 279 2396 spolient.
335 2343 471 2381 Mitto
491 2345 572 2395 jam
585 2342 737 2392 dicere,

80 2398 249 2452 quoties
271 2401 472 2452 templum
491 2406 609 2436 tuum
623 2398 738 2450 expi-

78 2454 219 2495 larint.
288 2453 471 2507 Quidam
500 2454 626 2493 etiam
655 2469 739 2492 ma-

80 2525 106 2549 n
113 2525 159 2548 us
173 2510 250 2548 tibi
266 2509 621 2564 apudOlympiam
640 2520 740 2549 sunt

84 2565 299 2613 admoliti;
334 2575 376 2605 et
397 2574 458 2615 tu,
491 2578 613 2617 quem
644 2561 739 2617 ὖψι-

84 2618 276 2674 βρεμέτι]ν
297 2626 449 2675 poetae
461 2621 669 2670 vocitant,
685 2635 738 2662 ne

84 2691 208 2714 ausus
229 2676 395 2731 quidem
408 2690 449 2715 es
471 2676 654 2715 excitare
667 2691 738 2716 ca-

84 2745 177 2780 nes,
219 2736 286 2772 vel
305 2732 472 2772 vicinos
504 2731 732 2782 advocare,

85 2788 160 2841 qui
184 2801 207 2827 e
228 2788 404 2843 vestigio
438 2799 736 2829 concurrentes

797 1686 862 1711 res
900 1686 994 1710 suas
1035 1671 1263 1710 etiamnum
1305 1685 1461 1709 conva-

797 1738 950 1777 santcs,
975 1737 1023 1766 ut
1048 1727 1093 1765 in
1115 1726 1240 1780 pedes
1259 1742 1301 1766 se
1324 1727 1459 1780 proti-

797 1798 876 1822 nus
901 1783 1061 1823 darent.
1123 1782 1203 1822 Sed
1239 1793 1300 1831 tu,
1331 1782 1457 1822 f01tis

798 1840 992 1889 bellator,
1008 1849 1050 1878 et
1063 1839 1137 1893 qui
1149 1845 1332 1894 γιγαντολ
1324 1838 1455 1893 ,ε’τωρ,

796 1907 839 1934 et
863 1913 1009 1937 τιτανο
1010 1894 1154 1948 εράτωρ
1184 1895 1455 1947 praedicaris,

797 1950 980 1999 sedebas,
998 1965 1123 2002 manu
1144 1950 1457 1990 decemcubita-

796 2009 837 2045 le
861 2007 1022 2044 fulmen
1048 2006 1278 2054 sustinens,
1291 2006 1454 2045 interea

800 2062 898 2100 dum
922 2062 1147 2100 cincinnos
1170 2075 1317 2100 aureos
1342 2061 1455 2099 otio·

796 2132 840 2157 se
869 2118 950 2157 tibi
978 2116 1271 2156 attondebant.
1332 2117 1452 2155 Haec

798 2175 947 2228 igitur,
981 2188 1005 2212 o
1025 2174 1218 2212 Deorum
1240 2182 1456 2226 praestan-

797 2231 973 2278 tissime,
1026 2228 1248 2283 ecquando
1284 2227 1454 2267 tandem

799 2287 1062 2326 dissimulare
1109 2284 1306 2326 desines?
1375 2285 1456 2322 Ec-

799 2341 971 2396 quando
995 2342 1089 2390 erit,
1123 2350 1171 2379 ut
1197 2350 1314 2379 tanta
1346 2340 1457 2378 faci-

798 2413 901 2437 nora
924 2401 1061 2437 ultum
1082 2395 1182 2436 eas?
1245 2396 1365 2449 Quot
1391 2409 1456 2434 or-

797 2454 860 2494 bis
885 2452 1250 2507 conflagrationeS‚
1266 2461 1371 2506 quot
1394 2451 1456 2489 di-

798 2510 915 2549 luvia
944 2511 1043 2548 satis
1071 2522 1157 2547 esse
1186 2518 1363 2562 queant,
1408 2516 1457 2546 ut

797 2576 880 2604 tam
932 2564 1184 2603 inexhausta
1232 2564 1455 2604 hominum

797 2622 1027 2661 insolentia
1040 2619 1361 2672 compescatur?
1383 2621 1454 2659 De

795 2692 860 2717 me
887 2677 998 2716 enim
1020 2685 1067 2714 ut
1089 2675 1238 2727 dicam,
1264 2677 1331 2726 iis,
1348 2689 1454 2729 quae

797 2732 846 2771 ad
871 2742 1030 2772 ceteros
1055 2731 1286 2784 pertinent,
1329 2732 1455 2771 omis·

791 2789 863 2839 sis,
885 2797 1108 2843 postquam
1130 2795 1196 2829 tot
1213 2788 1454 2829 Athenien-
