1778 3194
170 232 250 263 CIV

642 232 1175 265 EDITIONES

567 511 635 570 h)
715 512 1258 564 LATJNAE.

187 683 438 724 1470-72.
470 678 645 731 Romae,
678 686 719 725 4.
740 683 911 736 Dialogi
931 684 1021 734 VI,
1051 685 1243 725 seilicet:
1276 681 1451 725 Charon
1470 689 1514 723 et
1533 680 1648 722 Mer-

185 1034 294 1078 1475

187 1183 297 1226 1494

189 1399 298 1463 1514

190 2366 297 2409 1517

353 748 517 800 curius,
549 748 735 802 Timon,
766 751 1024 806 Tyrannus,
1064 752 1272 794 Vitarum
1294 750 1482 802 Auctio,
1522 747 1650 790 Pali-

353 830 490 857 nurus
519 827 564 858 et
595 818 790 871 Charon,
832 820 1113 870 Alexander,
1159 820 1359 860 Annibal
1403 826 1448 858 et
1474 816 1650 872 Scipio;

353 886 502 926 omnia
532 887 693 939 latine,
735 887 975 929 Reinuccio
1005 896 1049 929 et
1092 888 1130 928 J.
1160 887 1356 942 Aurispa
1389 887 1648 943 interprete.

349 952 456 994 Vid.
478 954 628 994 Brunet
646 957 675 997 1.
699 958 729 997 l.
746 973 790 1013 p.
812 962 908 1000 276.
936 966 981 998 et
1004 957 1120 995 Ebert
1139 955 1190 996 T.
1212 955 1249 996 Ι.
1274 970 1316 1011 p.
1339 959 1464 997 1028.

352 1034 523 1087 Neapoli
554 1039 594 1077 4.
627 1035 696 1076 De
723 1038 841 1076 veris
870 1037 1196 1077 narrationibus
1226 1034 1370 1076 libelli
1393 1031 1440 1074 II
1466 1034 1543 1073 lat.
1573 1033 1653 1073 in—
1708 1032 1710 1034 ’

352 1108 547 1157 terprete
566 1101 686 1144 Lilio
716 1102 979 1144 Castellano.

357 1181 530 1220 Venetiis
551 1186 590 1224 4.
623 1182 691 1222 De
721 1186 838 1224 veris
857 1191 1035 1224 narratt.
1054 1215 1064 1234 ‚
1096 1182 1149 1222 de
1176 1184 1468 1236 asin02aureo,
1498 1177 1656 1236 phil‘o-

356 1250 598 1303 sophorum
618 1251 760 1300 vitae,
792 1251 955 1307 Scipio,
985 1251 1219 1305 Tyrannus
1245 1258 1327 1289 etc.
1359 1248 1459 1290 Lat.
1490 1260 1550 1288 ex
1581 1248 1658 1288 of·-

356 1318 487 1357 ficina
508 1317 616 1357 Sim.
637 1316 926 1373 Bevilaquae.

357 1397 550 1445 Parisiis,
595 1400 633 1440 4.
678 1395 850 1452 Scripta
880 1396 1069 1438 Luciani
1108 1397 1318 1453 pleraque
1344 1398 1395 1437 ab
1417 1396 1582 1436 Erasmo
1617 1404 1662 1438 et

354 1463 440 1505 Th.
461 1465 585 1504 More
605 1465 814 1506 translata
830 1497 840 1515 ,
874 1473 918 1504 et
942 1467 994 1506 ab
1016 1465 1198 1504 Erasmo
1234 1465 1458 1516 recognita
1475 1496 1485 1514 ,
1519 1462 1661 1519 prod-

355 1534 450 1574 iere
476 1531 592 1589 apud
616 1533 865 1571 Ascensium.
897 1554 952 1562 --
984 1531 1111 1583 Quae
1141 1531 1331 1572 Luciani
1358 1532 1492 1572 vertit
1519 1531 1660 1571 Eras-

357 1614 457 1643 mus
480 1600 632 1655 (vertit
652 1607 802 1639 autem
824 1599 1059 1640 aclmotlum
1091 1600 1292 1649 juvenis,
1325 1597 1443 1639 unde
1467 1597 1661 1639 Graecae

355 1671 534 1721 linguae
553 1668 832 1720 ignoratione
855 1681 985 1723 saepe
1002 1680 1183 1722 peccare
1207 1668 1382 1708 notavit
1397 1665 1658 1708 Palmerius.

359 1737 451 1778 vid.
474 1743 600 1777 notas
621 1734 676 1779 ad
695 1734 747 1775 T.
770 1734 806 1775 I.
827 1735 895 1775 ed.
914 1735 1060 1776 Amst.
1081 1749 1124 1790 p.
1151 1737 1267 1784 474.)
1290 1736 1500 1787 leguntur
1525 1736 1660 1777 etiam

358 1806 501 1846 Tomo
524 1803 668 1859 primo
689 1801 862 1843 Erasini
883 1802 1081 1859 Operum
1100 1802 1304 1843 Basileae
1335 1803 1463 1853 olim,
1501 1809 1546 1841 et
1574 1802 1661 1842 hoc

355 1879 454 1931 ipso
475 1881 676 1927 tempore
698 1871 860 1911 iteruin
881 1869 1208 1911 Amstelodami
1229 1884 1498 1911 recusorum.
1547 1868 1663 1911 Sunt

358 1952 509 1984 aulem
529 1941 665 1980 haec:
698 1937 956 1990 Saturnalia,
991 1938 1253 1987 Cronosocon,
1285 1937 1488 1992 Epistolae
1509 1937 1662 1977 Satur-

359 2010 490 2057 nalcs,
524 2007 571 2046 cle
601 2007 757 2055 Luctu,
799 2006 1048 2056 Abdicatus,
1091 2005 1433 2060 IcaromenippuS,
1468 2007 1658 2058 Toxaris,

355 2076 676 2125 Pseudomantis,
731 2073 896 2126 Gallus,
952 2077 1117 2124 Timon,
1154 2091 1229 2128 pro
1273 2074 1568 2128 Tyrannicida,
1614 2074 1661 2113 de

354 2144 542 2187 „vilet-cede
570 2143 795 2192 conductis,
827 2142 995 2197 Dialogi
1024 2145 1212 2182 amatorii
1242 2140 1424 2190 XVIII,
1466 2141 1660 2181 Hercules

361 2215 561 2262 Gallicus,
594 2213 803 2252 Eunuchus·
831 2230 896 2251 seu,
919 2210 1174 2265 Pamphilus,
1209 2208 1436 2252 Convivium
1464 2226 1496 2250 s,
1516 2208 1660 2263 Lapi—

358 2284 470 2330 thae,
505 2282 547 2320 cli
571 2280 792 2333 Saot·fficli3
815 2290 848 2317 et
871 2279 917 2317 [lc
939 2277 1189 2330 Astrologia.

360 2362 545 2410 Veni-tiis,
578 2364 619 2402 4.
642 2358 791 2414 Opera
805 2357 992 2398 Luc-iani
1011 2357 1267 2411 philosophi
1290 2356 1656 2398 luculentissimi:

357 2430 426 2471 De
463 2429 583 2470 veris
619 2426 965 2475 narrationibuS,
998 2425 1052 2466 de
1082 2426 1244 2475 Asino,
1286 2424 1659 2479 Philosophorum

356 2499 498 2547 vitae,
539 2494 710 2550 Scipio,
755 2492 1013 2547 Tyrannus,
1056 2491 1367 2547 Scaphidjum,
1409 2491 1656 2542 Palinurus,

359 2563 548 2612 Charon,
580 2561 818 2614 Diogenes,
849 2560 1081 2615 Terpsion‚
1113 2559 1338 2610 Hercules,
1369 2558 1524 2598 Virtus
1545 2557 1656 2609 Dea,

356 2632 406 2672 :in
428 2630 655 2679 Amorem,
687 2627 862 2679 Timon,
895 2627 948 2669 de
972 2626 1215 2679 Calumnia,
1245 2627 1365 2668 Laus
1385 2624 1576 2664 muscae.
1600 2646 1657 2654 --

352 2698 410 2744 In
450 2697 564 2740 fine:
605 2695 767 2740 Finiunt
805 2698 937 2739 omnia
975 2710 1095 2752 opera
1120 2694 1430 2752 praeclarissimi
1460 2693 1654 2734 oratoris:
