1778 3194
491 290 578 325 IN
663 289 1098 324 TIMONEM.
1427 282 1524 327 361

65 393 176 431 solet
213 397 258 431 et
301 403 377 444 per
412 403 457 431 se
496 388 746 442 simpliciter
780 399 823 429 et
864 398 1120 431 constructe.
1189 386 1396 445 Aristoph.
1447 391 1528 434 Av.

66 462 110 488 v.
144 441 509 492 1358.Ἀπέλαυσα
525 444 600 502 γὰρ
630 444 759 489 ἐλθών
791 447 955 488 ἐνθαδί·
989 445 1103 498 quod
1137 446 1322 485 ludendo
1352 446 1530 501 perinde

65 513 129 543 est
147 503 348 556 positum,
381 514 510 558 atque
539 499 699 557 ὠνάμην
717 505 785 541 vel
806 499 976 556 ὀναίμην
1000 500 1071 543 ἅν·
1126 502 1326 555 praeclare
1343 507 1529 543 enimvero

64 575 214 598 mecum
240 572 390 614 agatur,
464 558 640 598 Addunt
669 573 970 614 nonnunquam
1005 556 1221 599 ἀπολαύειν
1247 559 1374 602 κακόν
1406 578 1464 611 τι,
1495 577 1533 602 τι

65 621 272 670 φλαῦρον,
308 617 428 656 [socr.
461 622 591 669 Συμμ.
620 629 662 669 p.
696 619 789 660 175.
811 616 860 656 Β.
892 615 1059 668 saepius
1088 615 1306 655 omittunt.
1366 617 1421 655 At
1449 618 1535 657 fre-

66 672 343 724 quentissime
367 672 581 727 genitivus
601 671 762 711 accedit
785 676 874 725 ejus
896 674 964 710 vel
987 685 1213 724 personae,
1247 676 1315 710 vel
1337 674 1411 721 rei,
1454 688 1533 711 un·

65 727 116 767 de
140 728 298 767 bonum
318 732 524 768 malumve
554 727 730 782 aliquod
755 731 821 768 vel
852 725 1166 767 incommodum
1193 726 1317 766 nobis
1353 729 1534 780 profici-

65 785 219 833 scitur,
251 787 498 838 plerumque
515 780 598 826 ἆπὸ
619 787 684 824 vel
706 785 749 827 ἐκ
774 785 1015 833 intellecto,
1046 783 1180 822 rarius
1201 798 1410 836 expresso.
1435 786 1534 825 Dio-

63 855 142 895 nys.
164 841 304 880 Halic.
330 842 379 881 A.
403 841 451 882 R.
474 841 507 882 Ι.
533 854 574 893 p.
595 845 663 884 74.
698 855 737 882 v.
774 847 838 884 16.
866 846 983 883 τοῦτο
1011 837 1137 894 μόνον
1167 837 1466 888 ἀπολαύσαντες
1490 842 1535 882 ἐκ

63 902 145 938 τῶν
175 901 333 939 πολλῶν
359 898 581 950 ἐπιμίξεων·
622 896 695 935 ubi
728 897 889 937 mediae
919 896 1250 951 significationis
1283 907 1356 938 est.
1417 896 1534 936 Plato

63 951 240 991 Phaedr·
271 966 311 1004 p-
334 959 455 996 1227.
474 954 518 994 F.
545 948 630 994 ἄλλ’
654 951 740 995 οἷον
756 951 828 994 ἄπ’
846 951 968 995 ἄλλον
991 951 1221 1006 ὀφθαλμίας
1242 949 1533 1002 ἀπολελαυκώς,

62 1011 133 1062 qui
150 1008 201 1047 ab
234 1008 315 1048 alio
344 1009 468 1049 oculis
489 1008 694 1049 laborante
718 1013 854 1049 vitium
883 1012 1112 1050 contraxit:
1152 1012 1366 1061 eleganter
1400 1009 1533 1064 Syncs.

60 1077 105 1116 P·
142 1068 208 1108 18.
241 1065 289 1104 C.
320 1069 458 1120 ταρίχη
492 1063 792 1108 ἇπολελαυκότα
819 1070 891 1108 τοῦ
917 1064 1079 1119 χρόνον,
1111 1082 1209 1120 quae
1230 1082 1254 1103 α
1272 1077 1455 1105 vetustate
1478 1068 1536 1104 vi-

61 1121 160 1158 1i11m
177 1132 485 1163 contraxerunt.-
515 1122 694 1177 Ειιι-ἰρίιί.
727 1122 824 1175 Iph.
848 1123 893 1161 in
914 1124 964 1161 T.
988 1137 1027 1160 v.
1049 1126 1143 1166 526.
1167 1118 1402 1165 Ἀπέλαυσα
1424 1122 1471 1173 δή
1501 1137 1538 1163 τι

61 1172 172 1231 κᾷγῶ
187 1181 267 1218 τῶν
289 1181 426 1231 κείνης
442 1175 595 1232 γάμων
622 1179 803 1218 nonnihil
819 1179 873 1218 acl
893 1195 952 1217 me
982 1195 1133 1233 quoque
1161 1179 1260 1218 mali
1288 1195 1341 1218 εγ
1363 1177 1538 1218 Helenae

62 1235 210 1285 nuptiis
227 1230 410 1286 pervenit.
445 1235 514 1273 Sic
530 1233 748 1277 ἀπολαύειν
771 1239 997 1288 συμφορᾶς,
1022 1235 1171 1273 alienae
1195 1235 1433 1274 calamitatis
1461 1250 1538 1273 esse

60 1291 307 1341 participem,
331 1289 532 1330 Plutarch.
565 1293 611 1329 T.
637 1291 693 1329 II.
718 1305 797 1346 pag
835 1297 927 1336 837.
948 1292 998 1329 A.
1033 1291 1158 1343 Apud
1181 1291 1335 1331 Platon.
1370 1291 1420 1330 de
1440 1291 1538 1328 LL.

63 1358 108 1395 p.
130 1348 226 1388 961.
246 1346 305 1383 D.
322 1348 388 1387 καὶ
407 1352 515 1388 πᾶσα
539 1345 823 1399 οὖτωςῆπόλις
836 1343 1016 1400 τῖπολαύῃ
1027 1352 1103 1388 τῶν
1122 1343 1277 1400 ἆσεβῶν
1290 1346 1439 1399 τρόπον
1451 1345 1541 1387 τινὰ

65 1402 251 1450 δικνίως,
287 1401 478 1442 Serranus
498 1403 582 1441 vim
603 1403 798 1456 phrasios
822 1405 956 1443 Ficino
977 1406 1105 1457 longe
1139 1403 1287 1442 melius
1309 1403 1538 1455 expressit:

63 1467 180 1509 atque
198 1459 253 1494 ita
275 1460 483 1510 impiorum
503 1458 698 1499 hominum
721 1461 914 1514 supplicia
933 1463 972 1498 in
993 1463 1208 1498 universam
1228 1462 1421 1499 civilatem
1433 1475 1540 1513 quo-

64 1511 278 1551 dammodo
292 1518 397 1566 juste
417 1515 640 1555 redundent.
672 1516 832 1555 Platoni
851 1518 942 1555 sine
975 1515 1109 1553 dubio
1133 1514 1397 1554 Hesiodeum
1431 1513 1540 1553 illud

69 1566 114 1604 in
135 1577 277 1608 mente
311 1571 398 1608 fuit
420 1571 500 1624 Op.
536 1575 579 1610 et
596 1571 704 1610 Dies
736 1587 773 1614 v.
798 1577 890 1615 240.
913 1569 1089 1613 Πόλλακι
1114 1572 1183 1612 καὶ
1213 1570 1396 1621 ξύμπασα
1425 1569 1541 1619 πόλις

65 1628 196 1665 κακοῦ
217 1621 365 1679 ἀνδρὸς
393 1624 578 1682 ἀπηύρα)
611 1627 685 1665 ubi
708 1637 755 1666 ut
775 1643 858 1666 rem
881 1628 1014 1680 ipsam
1038 1637 1079 1666 et
1111 1641 1278 1665 sensum
1310 1637 1443 1676 recte,
1478 1627 1539 1665 sic

67 1689 260 1718 naturam
280 1684 515 1722 locutionis
539 1698 656 1723 secus
669 1684 885 1723 intellexit
905 1683 1118 1724 eruditiss.
1148 1683 1349 1722 Graevius.
1368 1684 1540 1722 Aristot.

65 1736 197 1776 POIit·
231 1737 282 1775 V·
318 1752 359 1790 P·
395 1743 488 1784 135.
520 1755 558 1778 V·
581 1744 622 1784 5.
647 1743 792 1782 αἰτῶν
825 1744 1038 1794 γνωρίμων
1061 1737 1217 1787 στάσεις
1248 1738 1543 1781 συναπολαύειν

63 1797 231 1834 ποιοῦσι
252 1793 400 1845 καὶτήν
420 1795 515 1848 ὅλην
532 1795 661 1846 πόλιν,
673 1796 862 1835 nobilimn
899 1797 1104 1836 seditiones
1115 1799 1347 1847 contagione
1369 1796 1543 1850 quadam

65 1859 189 1888 totam
207 1852 398 1888 civitatem
421 1855 635 1904 corripiunt
651 1868 663 1889 .·
694 1867 840 1904 parurn
861 1852 1004 1901 distat,
1020 1852 1133 1904 quod
1156 1853 1332 1904 legimus
1357 1853 1399 1889 in
1411 1852 1541 1891 Mic-h.

67 1904 274 1957 Apostolii
295 1907 342 1946 C.
375 1906 469 1945 XV.
496 1923 535 1948 n.
562 1912 626 1951 78.
659 1910 788 1960 ἔμελλε
812 1907 1133 1950 συναπολαύσειν
1154 1912 1209 1964 τῷ
1232 1911 1435 1963 Παμφίλῳ
1464 1912 1544 1948 ταῖν

70 1965 223 2001 κακῶν·
256 1962 394 2013 qu0d‚
428 1964 513 2001 nisi
533 1963 682 2013 fallor,
717 1978 767 2001 ex
791 1964 969 2002 vetustis
994 1963 1179 2002 Scholiis
1209 1974 1454 2016 excerptum
1491 1962 1545 2001 ad

70 2017 276 2068 Aristoph.
307 2018 419 2057 Plut.
443 2033 481 2057 v.
507 2023 598 2062 174.
620 2020 797 2060 Maxim.
829 2021 919 2073 Tyr.
936 2020 988 2057 D.
1007 2021 1062 2059 ΙΙ.
1085 2033 1179 2073 pag.
1201 2023 1268 2061 24.
1291 2019 1326 2057 si
1350 2019 1459 2072 quis,
1475 2020 1545 2057 in-

73 2072 190 2125 quit,
225 2087 316 2110 cum
338 2074 510 2115 homine
531 2079 698 2127 μαρίλης
718 2077 1028 2130 ἐμπεπλησμένῳ
1050 2079 1320 2125 colluctetur,
1345 2090 1438 2115 eum
1461 2089 1546 2113 ma-

73 2127 208 2166 culari
231 2142 401 2169 necesse
429 2140 516 2182 est,
551 2130 656 2173 οὕτω
676 2133 742 2173 καὶ
764 2130 868 2180 ὅςτις
886 2129 1010 2183 ἀδίκῳ
1031 2128 1146 2184 ἆνδρὶ
1169 2133 1467 2184 συμπλέκεσθαι
1480 2133 1549 2173 καὶ

74 2187 427 2238 συγκυλινδεῖσθαι
447 2185 564 2238 ἀξιοῖ,
577 2184 733 2243 ἀνάγκη
751 2188 897 2230 τοῦτον
919 2186 1215 2230 συναπολαύειν
1226 2189 1294 2229 καὶ
1317 2192 1392 2230 τοῦ
1401 2192 1544 2237 κακοῦ,

79 2242 150 2281 καὶ
171 2244 583 2295 σνναναπίμπλασθαι
598 2248 669 2295 τῆς
689 2248 870 2298 μαρίλης·
895 2244 957 2282 ibi
976 2248 1169 2297 junctum
1196 2259 1218 2282 a
1239 2244 1420 2284 Luciano
1450 2259 1551 2284 ver-

73 2294 174 2333 bum
208 2296 357 2336 itidem
393 2297 591 2352 adparet,
626 2300 822 2339 similiter
854 2310 980 2354 atque
1012 2301 1056 2338 in
1088 2301 1223 2340 Amat.
1255 2300 1460 2340 Plutarchi
1505 2315 1549 2354 p.

73 2355 173 2396 765.
194 2351 241 2390 B·
269 2353 370 2395 ἔνιοι
403 2358 531 2406 φίλων
561 2359 627 2398 καὶ
658 2358 819 2398 οἰκείων
852 2355 1070 2411 σβεννύναι
1099 2358 1353 2410 πειρωμένων
1383 2359 1452 2412 βίᾳ
1482 2357 1553 2398 καὶ

75 2403 232 2463 ἀλόγως
249 2406 292 2450 τό
317 2408 473 2462 πάθος,
505 2409 620 2454 οὐδὲν
642 2408 870 2455 ἇπὲλαυσαν
893 2412 1016 2455 αὐτοῦ
1033 2412 1218 2466 χρηστὸν,
1231 2410 1315 2454 ἀλλ’
1336 2410 1365 2464 ἢ
1395 2417 1556 2454 καπνοῦ

78 2466 144 2507 καὶ
168 2470 341 2518 ταραχῆς
363 2467 580 2521 ἐνέπλησαν
605 2468 783 2518 ἑαυτούς.
818 2469 927 2510 Vide
948 2470 1058 2511 Suicl.
1096 2471 1138 2506 in
1169 2466 1436 2511 Ἀπολαύειν·
1459 2469 1554 2508 Iso-

78 2524 220 2570 cratis,
254 2535 375 2574 quem
409 2525 594 2576 profert,
626 2528 768 2573 locus,
796 2541 1036 2580 quanquam
1072 2525 1199 2565 verba
1228 2539 1452 2578 parumper
1481 2540 1556 2564 va-

81 2577 217 2624 rient,
250 2577 420 2616 isidem
443 2589 532 2629 est,
567 2581 641 2634 qui
668 2596 792 2634 supra
815 2583 896 2620 fuit
921 2597 941 2621 a
974 2597 1038 2621 me
1071 2581 1300 2620 indicatus.
1337 2580 1556 2635 Quemad-

81 2631 252 2671 modum
284 2644 424 2673 autem
456 2636 534 2673 hac
568 2637 613 2674 in
644 2648 763 2690 parte
796 2639 951 2676 frustra
983 2638 1070 2676 fuit
1101 2637 1340 2688 Gronovius,
1375 2638 1433 2676 ita
1463 2639 1554 2690 jure

88 2688 249 2740 optimo
277 2688 327 2729 G.
353 2689 490 2745 Cuperi
510 2691 646 2743 (hunc
669 2694 780 2732 enim
806 2693 1024 2748 designat)
1057 2697 1343 2746 conjecturam
1374 2693 1555 2747 repellit,

89 2744 162 2798 qui
201 2744 303 2783 Obs.
349 2746 423 2785 11‘5.
457 2762 492 2788 c.
525 2754 564 2791 2.
591 2763 682 2787 cum
723 2751 978 2803 elegantiam
1018 2750 1406 2802 opportunissimae
1438 2748 1556 2787 vocis

90 2804 246 2853 τραῦμα
267 2804 408 2843 nunus
438 2804 746 2860 adsequeretur,
780 2806 947 2859 legebat
967 2804 1281 2859 καύματοςἸινίο
1297 2805 1398 2853 loc-0,
1429 2803 1555 2844 verba
