1778 3194
231 271 883 310 scn1r'rrsqvn
953 272 1537 309 LUC1AN1.xxxv

68 375 327 426 παιδεραστία
350 373 661 429 exprobretur,
692 378 743 411 ut
763 367 853 411 vid.
884 369 916 422 >³5-
943 372 1011 414 35.
1045 374 1138 421 eJ'us
1155 371 1269 412 Dial.
1291 375 1362 415 ubi
1387 377 1538 417 mani-

68 446 183 484 festo
209 443 366 498 pungit
385 440 561 482 eosdem
576 471 586 489 ,
620 437 790 489 dicens,
823 452 920 478 cum
943 435 1093 478 divina
1117 441 1399 497 philosophia
1419 443 1537 485 hunc

69 511 202 551 etiam
223 523 416 550 amorem
435 506 696 548 adolevisse.
756 506 821 546 At
841 520 931 545 non
949 506 1059 545 mihi
1089 508 1301 548 satisfacit
1327 511 1403 549 illa
1425 526 1538 551 con-

66 579 246 629 jectura,
279 585 323 616 et
342 575 558 630 pessimus
576 574 648 613 hic
673 573 969 628 exprobrandi
988 581 1053 613 est
1073 588 1182 624 mos,
1216 576 1290 629 qui
1322 591 1401 617 nec
1429 580 1535 619 satis

69 647 125 686 ab
161 652 335 685 auctore
377 641 565 692 ridetur,
596 655 676 682 nec
713 641 900 684 ridendo
940 649 1142 693 sanatur,
1187 642 1266 683 sed
1299 646 1537 688 abomina-

69 713 192 754 tione
213 712 383 764 dignus.

186 844 236 887 G.
258 844 296 888 J.
319 845 520 887 Vossms
543 843 597 884 de
621 842 732 886 Hist.
757 842 905 885 Graec.
924 843 976 885 L.
998 850 1037 889 2.
1059 860 1094 886 c.
1116 849 1183 891 15.
1213 846 1439 887 Lucianum
1450 847 1539 889 Sa-

69 922 367 956 mosatensem
395 913 623 968 aequalem
650 914 755 953 facit
785 914 990 952 Athenaeo
1018 913 1318 966 Naucratitae,
1356 918 1429 970 qui
1458 919 1538 959 sub

48 982 133 1024 ‘M
165 982 352 1023 Aurelio
379 981 567 1031 vixerit,
599 979 677 1020 sed
710 987 807 1034 post
837 978 1125 1021 Commodum
1153 983 1307 1034 etiam,
1339 985 1430 1024 imo
1459 1000 1543 1027 us-

71 1064 157 1107 que
186 1049 239 1090 ad
269 1048 544 1089 Pertinacem
577 1057 620 1088 et
651 1046 868 1087 Severum
909 1049 1046 1088 vitam
1078 1053 1357 1104 protraxerit.
1392 1053 1542 1107 [quoti

73 1133 163 1159 non
194 1116 302 1156 adeo
330 1115 515 1155 mirum:
557 1116 595 1155 si
626 1115 744 1155 enim
777 1123 878 1169 post
913 1113 1202 1158 Commodum
1233 1120 1369 1166 vixit,
1411 1122 1540 1162 facile

72 1185 294 1228 Severum
323 1182 550 1235 adtingere
582 1191 751 1238 potest,
783 1190 963 1238 propter
994 1187 1209 1239 perbreve
1229 1184 1471 1229 Pertinacis
1498 1197 1542 1229 et

73 1253 176 1295 Did.
198 1251 387 1302 Juliani,
421 1250 604 1290 duorum
628 1251 820 1290 triumve
846 1252 1066 1292 mensium
1095 1254 1355 1307 imperium]
1392 1257 1541 1310 paullo

73 1324 289 1373 :majorem
311 1326 414 1358 natu
436 1320 543 1358 facit
564 1317 731 1356 Suidas:
765 1332 867 1357 nam
886 1319 1054 1358 vixisse
1076 1321 1137 1360 ait
1159 1322 1220 1361 ἐπὶ
1239 1326 1313 1362 τοῦ
1336 1326 1543 1378 Καίσαρος

81 1391 305 1443 Τραϊᾳνοῦ,
336 1387 403 1427 καὶ
422 1387 618 1428 ἐπέκεινα.
660 1384 859 1439 Suntque
887 1385 933 1424 in
953 1385 1035 1425 hac
1053 1388 1272 1427 sententia
1299 1387 1404 1430 Gilb.
1431 1391 1544 1445 Cog-

73 1467 190 1496 natas
211 1463 254 1494 et
274 1453 363 1493 Jac.
383 1454 625 1505 Zuingerus,·
657 1452 763 1506 quin
783 1451 1011 1491 Ludovicus
1035 1454 1174 1505 Vives,
1199 1458 1267 1496 vir
1290 1459 1397 1497 acris
1415 1459 1544 1510 judi-

75 1523 155 1573 cii,
181 1512 431 1575 *suspicatur
461 1534 563 1560 eum
593 1519 648 1560 ad
673 1517 954 1559 insectandos
988 1521 1278 1577 philosophos
1300 1525 1543 1580 impulsum

74 1591 214 1631 fuisse
240 1586 408 1627 invidia
443 1586 650 1627 Plutarchi
678 1584 1023 1638 Chaeronensis,
1066 1602 1196 1642 quem
1225 1604 1397 1632 summo
1428 1592 1546 1647 apud

15 1653 19 1656 ⁴
75 1657 317 1708 Trajanum
334 1656 431 1695 loco
459 1667 555 1694 esse
587 1663 787 1694 cerneret
809 1667 856 1694 ac
877 1651 1060 1695 doleret.
1123 1655 1235 1696 Mihi
1257 1671 1380 1700 secus
1410 1661 1548 1701 vide-

14 1752 15 1755 =
74 1734 171 1775 tur,
213 1737 294 1763 nec
326 1723 418 1763 levi
448 1721 501 1761 de
532 1735 704 1772 caussa3
747 1722 908 1778 quippe
946 1723 1151 1768 meminit
1176 1723 1382 1765 Lucianus
1409 1727 1549 1768 Marci

78 1791 300 1841 Caesaris,
334 1805 381 1830 ae
410 1790 515 1832 belli
546 1789 886 1829 Marcomannici
918 1791 970 1829 ab
1011 1803 1063 1829 eo
1094 1790 1231 1841 gesti,
1267 1793 1328 1843 [in
1352 1793 1479 1834 Alex.
1510 1809 1545 1845 s,

79 1858 285 1901 Pseudom.
322 1858 355 1910 ξ.
383 1858 475 1909 48]
538 1858 812 1910 Διαπέμπεται
845 1859 886 1898 ἐν
911 1861 1111 1915 Γερμανίᾳ
1139 1861 1316 1912 πολέμου
1343 1859 1551 1914 ἀκμάζον-

44 1945 47 1950 ⁴
81 1943 174 1976 τος,
207 1923 269 1966 ὅτε
287 1923 384 1971 θεὸς
407 1922 580 1977 Μάρκος
597 1922 676 1977 ἤδη
695 1929 779 1972 τοῖς
801 1924 1100 1977 Μαρκομάνοις
1131 1927 1198 1967 καὶ
1223 1924 1430 1976 Κουάδοις
1449 1943 1551 1970 συν-

85 1995 277 2042 επλέκετο.
336 1989 500 2039 Vides»,
533 1998 581 2029 ut
600 2005 687 2030 non
703 1999 877 2031 tantum
898 1993 1003 2032 belli
1022 1995 1277 2034 meminerit
1305 2009 1401 2035 cum
1424 1995 1553 2036 Mar-

85 2059 311 2103 comannis
336 2066 379 2097 et
403 2056 597 2109 Quadis3
630 2056 706 2097 sed
728 2056 922 2097 Marcum
943 2057 1046 2100 θεὸν
1068 2060 1212 2099 Divum
1247 2071 1399 2112 vocet,
1433 2061 1554 2116 quod

85 2127 228 2180 arguit
263 2138 363 2164 eum
392 2132 574 2165 naturae
607 2126 802 2165 cessisse.
864 2124 1013 2175 Quare
1046 2135 1168 2166 extra
1203 2129 1554 2169 controversiam.

84 2195 193 2252 poni
213 2192 358 2242 debet,
389 2191 614 2230 Lucianum
640 2199 734 2231 tum
765 2192 900 2232 Marci
920 2192 1142 2233 Antonini
1167 2193 1429 2248 Philosophi
1468 2210 1555 2235 ae·-

85 2271 176 2305 tate
199 2260 390 2308 vixisse,
424 2273 520 2297 cum
539 2260 700 2297 reserat
729 2272 974 2310 sermones,
1008 2274 1116 2315 quos
1146 2262 1299 2301 habuit
1330 2262 1425 2316 ipse
1454 2276 1555 2303 cum

86 2325 346 2372 Alexandro
374 2324 721 2376 Pseudomante,
742 2334 837 2366 tum
862 2329 939 2366 sub
962 2326 1188 2367 Commodi
1210 2329 1429 2370 Antonini
1453 2329 1555 2385 phi-

87 2393 265 2449 losophi
293 2393 402 2431 filio.
435 2415 485 2420 —
519 2392 714 2432 Meretur
743 2394 889 2432 locum
915 2394 1034 2434 inter
1054 2393 1274 2434 Historiae
1303 2397 1553 2451 scriptores,

91 2478 182 2505 non
203 2462 257 2500 ob
284 2458 374 2497 Ver.
401 2458 510 2499 Hist.
541 2460 699 2509 libros,
730 2459 807 2499 sed
829 2468 1007 2514 propter
1030 2469 1256 2501 &actatum
1280 2462 1420 2514 Quom.
1443 2465 1553 2504 Hist.

90 2534 141 2572 sie
158 2528 274 2568 scrib.
300 2525 353 2564 de
376 2526 460 2564 Dea
480 2525 613 2579 Syria,
648 2540 695 2565 ac
718 2527 962 2566 Macrobioe„
1023 2530 1205 2580 Ennapio
1228 2543 1334 2570 vero
1365 2534 1556 2572 refertur

90 2601 206 2639 inter
228 2596 421 2634 vitarum
441 2593 673 2645 scriptores
696 2601 874 2648 propter
895 2609 1028 2635 unam
1051 2596 1304 2636 Demonactis
1324 2599 1475 2639 vitam.
1498 2620 1556 2629 ——

97 2663 189 2704 Gul.
213 2659 425 2701 Philamler
457 2657 511 2696 ad
535 2659 688 2699 Vin-nv.
709 2660 943 2715 Apollonii
964 2663 1102 2702 vitam
1123 2662 1304 2702 Luciano
1336 2666 1440 2704 huic
1473 2665 1560 2704 ad-

94 2731 257 2781 scribit,
286 2734 331 2767 et
358 2724 648 2779 &Cognatum
673 2727 723 2767 in.
741 2736 851 2770 nott.
876 2727 931 2769 ad
951 2728 1154 2769 Pseuclom.
1179 2729 1336 2770 eodem
1356 2744 1559 2786 propen-

1206 2801 1229 2823 c
1256 2791 1284 2828 2
