1778 3194
495 266 582 296 IN
674 262 1106 295 T1moNEM.
1437 250 1539 298 415

71 369 180 422 pian.
203 365 255 406 de
275 366 425 406 Venat.
443 363 497 404 L.
523 363 606 404 III.
631 377 671 403 v.
697 363 790 406 125.
851 358 977 399 Unde
1007 369 1048 398 et
1077 359 1127 399 de
1161 359 1342 399 stridulo
1371 361 1538 401 umbra-

75 439 166 462 rum
187 437 261 476 per
274 422 432 461 Orcum
455 416 887 459 circumvolitantium
908 429 1014 455 sono
1027 415 1232 469 Necyom.
1261 431 1296 457 e.
1312 422 1377 460 11.
1407 434 1538 473 περιε-

73 481 236 521 πέτοντο
270 476 375 530 ἡμᾶς
405 483 619 531 τετριγυῖαι
642 480 720 516 τῶν
748 477 898 528 νεκρῶν
927 474 970 513 αἴ
991 474 1110 513 σκιαί.
1171 472 1299 527 Quod
1324 483 1365 512 et
1393 473 1536 528 ipsum

73 544 302 589 praeeunte
323 534 497 573 Homero
529 532 689 571 dictum
712 530 864 583 Odyss.
893 528 1054 577 XXIV,
1079 531 1116 571 5.
1138 543 1197 582 sq.
1260 529 1379 584 Quin
1409 531 1536 571 etiam

74 591 395 643 elephantorum
417 588 630 628 fremitum
648 587 790 628 Noster
809 586 887 626 hac
907 598 1011 625 voce
1029 585 1230 637 exprimit
1250 587 1384 625 Zeux.
1407 601 1443 628 c.
1468 592 1534 631 10.

74 648 149 686 ubi
172 647 256 688 vid.
281 645 444 686 adnott.
497 646 654 686 LEnM.

187 725 290 765 Ibid.
328 722 590 779 ’Azpocz959ff)
626 721 794 776 Anglic.
832 719 1034 779 ἇφηρηθῇ
1063 731 1104 760 et
1131 716 1307 778 οἶνῳχθῇ.
1374 723 1537 777 Tangit

74 793 213 847 antem
236 791 420 877 {eterem
448 789 793 821 testamentorum
822 779 1001 818 formam
1034 788 1076 818 et
1102 777 1343 828 literarum,
1376 777 1428 818 de
1453 793 1538 833 qua

75 840 192 878 al1b1.
279 852 410 879 onim.

185 916 285 956 Ead-
315 920 345 960 l.
380 922 442 960 16.
495 914 549 957 Τό
578 916 719 964 λῖνον)
775 914 862 965 Ouo
902 914 1060 954 tabulae
1097 915 1313 954 testamenti
1349 912 1536 965 ligantur.

71 974 211 1014 Bnon.
276 972 474 1021 Tabulae,
508 989 607 1026 quae
623 971 776 1024 publici
795 971 858 1010 vel
874 974 1023 1024 privati
1059 982 1281 1011 contractus
1305 973 1540 1023 scripturam

72 1033 288 1076 continent,
321 1027 512 1067 adhibitis
532 1029 688 1067 testibus
722 1030 780 1066 iia
814 1030 1038 1080 signantur,
1072 1030 1177 1066 utin
1205 1042 1357 1065 summa
1382 1029 1541 1077 margi—-

71 1089 130 1125 nis
153 1085 208 1123 ad
227 1084 392 1123 mediam
411 1096 562 1138 partem
589 1085 814 1140 perforatae
830 1084 978 1136 triplici
1001 1083 1081 1122 lino
1103 1086 1435 1135 constringamur,
1468 1092 1540 1119 (ιτ-

71 1159 142 1197 que
161 1143 364 1194 impositae
390 1158 507 1194 supra
527 1141 650 1179 linum
674 1156 781 1180 cerac
801 1143 917 1193 signa
944 1143 1237 1193 imprimantur:
1269 1139 1372 1176 haec
1391 1137 1540 1177 Paulus

73 1199 124 1236 V.
156 1197 271 1238 Sent.
301 1197 404 1236 ReC.
438 1199 487 1235 T.
511 1196 646 1235 XXV.
683 1197 714 1248 ᾧ.
743 1202 780 1239 6.
815 1195 994 1248 proinde
1023 1205 1135 1234 recte
1167 1194 1371 1234 Lucianns
1400 1193 1538 1245 primo

72 1257 168 1294 loco
191 1252 338 1305 posuit
359 1250 402 1294 τὸ
423 1259 583 1305 σημεῖον
596 1248 888 1306 ἀφαιρεθῆναι,
904 1265 1010 1305 quae
1030 1251 1194 1290 locutio
1215 1249 1328 1304 apud
1340 1249 1538 1290 Demos-th.

75 1320 136 1350 est
161 1310 205 1346 in
231 1307 386 1347 Phaen.
419 1322 461 1361 p.
490 1314 612 1352 1023.
636 1309 685 1347 E.
750 1312 880 1347 altero
905 1305 948 1349 τὰ
970 1313 1080 1348 λῖνον
1102 1310 1376 1361 ἔντμηθῆναι,
1409 1305 1538 1343 tertio

72 1364 145 1418 τὴν
183 1365 317 1405 δέλτον
353 1361 606 1418 ἀνοιχθῆναι.
678 1364 777 1404 Vid.
807 1364 1070 1403 Kirchmann.
1103 1362 1153 1402 de
1181 1364 1340 1401 Annul.
1381 1375 1414 1400 c.
1440 1361 1538 1400 VH.

75 1423 150 1476 qui
169 1421 309 1459 Nostri
335 1419 458 1459 verba
482 1421 702 1473 produxit.
763 1422 880 1461 Haec
909 1429 1048 1459 autem
1073 1433 1195 1458 scena
1225 1431 1464 1472 quanquam
1494 1417 1540 1455 in

73 1492 172 1532 agro
196 1475 341 1514 Attico
366 1487 537 1529 agatur,
571 1491 705 1530 eaque
728 1486 885 1526 aetate,
919 1490 942 1513 a
964 1490 1042 1530 qua
1072 1478 1223 1528 procul
1247 1474 1361 1513 abest
1381 1474 1541 1513 Lucia—-

71 1550 163 1582 nus,
191 1530 326 1570 „multa
346 1531 628 1570 nihilominus
649 1533 931 1582 intermiscet,
964 1546 1070 1586 quae
1096 1531 1141 1568 in
1165 1544 1318 1584 pravos
1351 1530 1418 1568 sui
1441 1538 1541 1568 tem-

73 1589 188 1644 poris
207 1601 341 1627 mores
357 1588 584 1642 praecipue
607 1589 879 1627 conveniant.
914 1588 1094 1627 HEMST.
1110 1587 1166 1626 ΙΙ.
1199 1587 1350 1638 Neque
1373 1584 1418 1624 id
1440 1598 1541 1623 sane

72 1643 323 1689 mirandum,
340 1658 469 1697 quum
480 1644 674 1697 proxime
690 1644 939 1697 aequalibus
954 1643 1169 1695 scripserit
1184 1643 1286 1690 suis,
1303 1655 1380 1680 nec
1403 1643 1539 1679 solum

74 1700 238 1756 ingenii
272 1699 461 1752 artisque
505 1714 603 1738 suae
650 1698 949 1739 exercitandae
982 1708 1025 1737 et
1067 1696 1346 1737 ostentandae
1379 1710 1539 1746 caussa,

74 1771 219 1797 verum
247 1764 299 1793 ut¹
327 1765 367 1793 et
395 1756 627 1808 voluptatis
662 1755 851 1809 aliquid,
894 1758 1030 1794 multo
1061 1768 1163 1793 vero
1197 1757 1291 1807 plus
1322 1752 1538 1799 utilitatis,

75 1813 175 1853 inde
204 1820 402 1863 caperent
431 1812 520 1851 sive
549 1815 754 1861 lectores,
789 1812 878 1851 sive
910 1810 1139 1850 auditores.
1199 1811 1269 1848 De
1298 1823 1400 1848 voce
1430 1810 1542 1848 λίνον

74 1882 250 1915 moneo,
283 1867 502 1906 rectiorem
527 1867 782 1920 scripturam
798 1882 862 1906 me
882 1866 1098 1906 invenisse
1120 1866 1164 1903 in
1186 1866 1238 1903 A.
1263 1870 1303 1907 2.
1366 1863 1540 1903 Ceterae

77 1938 221 1965 omnes
243 1921 527 1962 exhibuerunt
545 1926 666 1965 λῖνον.
695 1923 767 1961 De
790 1937 887 1962 vera
907 1923 1093 1971 syllabae
1111 1921 1266 1973 prioris
1287 1919 1538 1974 quantitate,
1589 1951 1593 1955 .

77 1982 114 2020 si
136 1981 246 2018 forte
271 1977 458 2028 dubites,
492 1978 614 2018 adeas
637 1979 766 2017 velim
786 1977 955 2019 Dorvill.
975 1977 1027 2015 ad
1052 1976 1199 2015 Charit.
1231 1990 1275 2030 p.
1297 1979 1394 2020 669.
1415 1974 1538 2027 Lips.

77 2047 120 2076 et
138 2033 454 2076 Boissonad.-ad
473 2035 601 2074 Nicer.
625 2036 678 2077 T.
697 2034 756 2075 II.
782 2050 823 2088 p.
844 2039 939 2078 263.
982 2034 1140 2082 Lfinivi.

187 2092 284 2143 Pag·
314 2093 381 2134 84·
412 2093 440 2129 l.
476 2096 512 2133 1.
539 2088 594 2132 “O
615 2089 771 2141 κοινὸς)
802 2091 945 2130 Placet
963 2086 1113 2136 καινός.
1150 2089 1292 2129 Bnon.

189 2145 290 2187 Ead.
323 2148 351 2184 l.
386 2152 427 2189 2.
454 2145 523 2188 Ἐν.
538 2151 736 2189 παιδικῶν
759 2146 905 2201 τίμιος)
935 2145 998 2187 Id.
1031 2141 1308 2186 Dial.'Mort.
1336 2146 1542 2197 interpre-

77 2215 140 2245 tes
160 2201 346 2244 martial.
378 2212 419 2241 et
437 2203 622 2243 Petronii.
654 2204 828 2243 Eoum).

194 2257 297 2297 Ibisl.
325 2255 678 2314 ”Υπεξυρημένος)
709 2260 777 2298 An
798 2269 848 2298 ut
877 2257 1139 2312 pubertatem
1165 2256 1343 2297 vixdum
1373 2256 1542 2309 ingres-

76 2330 145 2356 sus
169 2313 396 2353 videatur?
418 2315 485 2353 An
507 2331 607 2355 vero
630 2326 806 2355 notatur
829 2315 911 2354 hoc
932 2324 981 2353 ut
1002 2313 1254 2353 barbarum?
1280 2313 1390 2355 Vide
1404 2312 1542 2351 Dian.

78 2373 234 2413 Mortt.
257 2369 334 2411 IX.
367 2379 408 2409 et
427 2371 572 2423 Scyth.
601 2387 636 2412 c.
660 2379 702 2416 3.
745 2372 908 2413 Sonam.

192 2435 291 2476 Εαιῖ.
322 2439 350 2475 l·
383 2440 420 2479 4.
449 2437 664 2492 ’Έξωρος)
695 2438 807 2480 Vide
829 2438 949 2478 Dial.
975 2437 1126 2488 Simyli
1152 2446 1194 2475 et
1212 2437 1306 2477 Pol.
1331 2437 1407 2475 ubi
1426 2445 1542 2476 aetas

80 2495 235 2534 diserte
260 2491 453 2543 additur,
474 2503 516 2532 et
539 2496 573 2532 si
600 2496 751 2534 clarius
774 2494 877 2534 velis
892 2526 902 2543 ‚
927 2493 1049 2532 finem
1075 2493 1213 2543 Galli3
1245 2503 1288 2533 et
1306 2494 1402 2533 Ver.
1425 2492 1540 2532 Hisr.

79 2552 141 2592 II.
173 2564 206 2588 c.
237 2553 304 2592 28.
365 2548 525 2587 Eadem
554 2565 641 2589 vox
672 2551 859 2590 occurrit
890 2559 932 2587 et
963 2548 1013 2587 de
1033 2548 1186 2589 sacrif.
1223 2564 1255 2590 c.
1280 2554 1319 2592 7.,
1355 2558 1397 2588 et
1416 2548 1540 2589 Alex.

82 2621 119 2647 c.
140 2611 178 2650 6.
216 2605 385 2658 δοιώ-Ν.
444 2604 506 2644 Ut
524 2607 811 2645 meretriculae
839 2608 1094 2659 χαρίζεσθαι,
1126 2604 1187 2642 sic
1218 2604 1396 2643 deliciae
1429 2603 1542 2643 dice·

83 2662 236 2701 bantur
263 2656 489 2715 ὖπηρετεῖν,
523 2676 616 2700 cum
645 2676 688 2701 se
708 2662 811 2701 viris
843 2660 1114 2714 praebebant.
1174 2660 1369 2701 Pseudol.
1391 2661 1457 2702 κάὶ
1488 2657 1543 2708 ὥς

82 2715 291 2771 παραδοὺς
322 2715 488 2760 σεαυτὸν
505 2721 560 2774 τῷ
589 2715 740 2773 ὀλέθρῳ
772 2719 907 2773 ἐκείνῳ
937 2713 1149 2770 στρατιώτῃ
1174 2718 1542 2771 συμπεριεφθείρου

83 2773 214 2818 πάντα
228 2770 455 2829 ὑπηρετῶν
514 2774 682 2828 saepius
709 2775 1007 2829 Aristophanes.
1068 2772 1259 2829 Utraque
1281 2782 1420 2817 tamen
1452 2785 1542 2812 nou
