1778 3194
526 268 614 302 ‘sn
703 269 1140 302 TJMONEM.
1471 259 1571 304 397

110 381 312 425 propere,
346 378 388 409 et
415 381 470 408 ne
491 367 668 408 minimo
692 366 862 421 quidem
889 380 1028 406 morae
1049 368 1297 421 interjecto,
1329 367 1387 407 ait
1404 369 1573 416 Plutus„¹

108 442 174 466 me
195 427 349 465 Timon
378 424 597 478 profudit,
631 425 754 472 acii,
790 423 864 478 qui
884 423 1024 478 ignem
1055 423 1100 460 in
1130 425 1322 463 manibus
1360 434 1568 475 tenentes,

109 498 203 523 eum
228 497 326 535 prae
349 481 497 521 dolore
519 481 719 521 acerrime
738 480 975 535 pungenti,
1008 479 1126 518 illico
1158 481 1382 535 dejiciunt.
1445 480 1571 520 Certe

107 538 217 578 illud
234 539 357 579 Faba·
382 538 450 580 καὶ
471 537 690 578 videretur
717 536 852 585 mihi,
884 537 923 576 si
956 535 1146 588 adforet,
1179 537 1386 593 δικράνοις
1413 539 1572 591 ἐξωθη-

105 596 207 638 τέον.
246 596 370 638 ΙΕΝε.

220 651 322 691 Εαιῖ.
352 655 380 690 l.
413 653 452 694 4.
488 648 722 706 Ἓταίροις)
765 650 911 691 Scribe
920 683 932 702 ‚
979 650 1179 703 ἑταίραις,
1227 655 1378 693 scortis.
1419 653 1566 692 Bnon.

103 704 315 761 Ἐταίραις
337 708 495 760 primae
522 707 615 747 edd.
637 718 902 761 ceteraeque,
936 708 982 745 ni
1004 708 1150 758 fallor,
1187 721 1346 748 omnes.
1393 710 1572 747 Mutan-

109 763 207 803 dum
231 764 398 804 censuit
423 763 589 817 Cuperus
609 764 710 803 Obs.
737 764 818 814 III,
843 770 882 807 2.
913 764 1087 803 Εηιεηιῖο
1107 765 1298 816 ἑταίροις·
1331 781 1449 819 neque
1469 769 1570 803 enirn

107 823 349 860 meretricum
375 819 491 859 ullibi
519 821 583 860 ltic
608 822 773 870 mentio,
805 836 903 874 quas
931 824 1013 860 sine
1039 820 1157 859 dubio
1184 821 1260 860 huc
1286 820 1572 859 introclusrz‘sset

108 888 308 917 emunctae
329 879 436 915 naris
458 876 595 926 homo,
629 892 704 915 non
725 893 832 916 secus
856 893 904 916 ac
919 880 1137 931 parasitos,
1171 876 1417 927 adulatores,
1450 877 1570 915 alios-

108 950 182 988 que
209 936 336 972 socios
367 943 402 971 et
425 935 573 971 amicos
597 934 784 972 Ti.;20nz's.
843 934 899 971 Et
932 933 1013 972 hoc
1043 948 1142 973 sane
1173 943 1369 972 notatum
1398 946 1572 987 quoque

109 989 277 1041 reperio
301 986 353 1026 ad
375 988 608 1041 marginem
633 987 698 1027 ed.
725 990 782 1029 A.
808 994 826 1031 1
858 990 919 1029 JV,
982 991 1039 1028 At
1064 988 1186 1038 vide,
1223 998 1428 1042 quantum
1458 988 1570 1041 judi-

108 1045 173 1084 cia
191 1044 454 1095 discrepent:
477 1044 698 1084 invenerat
709 1045 914 1084 Brodacus
927 1046 972 1084 in
993 1046 1136 1085 nescio
1160 1059 1242 1099 qua
1265 1045 1356 1084 sive
1375 1044 1571 1085 editione

106 1100 197 1140 sive
219 1099 454 1139 membrana
476 1101 631 1153 scripta
653 1101 843 1154 ἕταίροις’
875 1104 909 1140 is
931 1103 1081 1154 reponi
1106 1102 1227 1156 jubet
1246 1102 1428 1154 ἑταίραις.
1479 1100 1571 1140 Nos

106 1156 232 1196 etiam
254 1155 544 1195 meretricibus
565 1172 685 1195 suum
710 1172 799 1197 esse
819 1161 959 1197 locum
984 1159 1095 1197 inter
1114 1158 1452 1197 damnosissimas
1473 1158 1573 1195 fun-

106 1212 152 1251 di
176 1213 448 1265 quantumvis
472 1214 667 1265 opulenti
687 1215 943 1253 calamitates
967 1215 1091 1253 facile
1110 1215 1319 1267 patimur:
1352 1227 1573 1268 argumen-

107 1278 153 1308 to
179 1268 316 1322 Cupera'
345 1267 527 1306 ficulneo
556 1268 666 1306 nihil
696 1279 782 1320 est,
816 1286 889 1309 cur
919 1271 1139 1325 quisquam
1173 1279 1416 1316 moveatur;
1450 1279 1571 1308 tanto

108 1325 266 1369 minus,
291 1323 390 1377 quia
411 1324 454 1361 in
468 1323 729 1377 Alciplzronis
742 1327 824 1367 III.
845 1328 925 1379 Ep.
948 1333 1013 1371 34.
1044 1326 1094 1365 de
1114 1326 1196 1366 hoc
1218 1327 1400 1365 Timone
1423 1336 1571 1365 nostro

109 1380 256 1420 scribit
276 1379 472 1429 Gnath0‚
506 1378 721 1433 σπαθήσας
740 1381 814 1435 τήν
836 1381 978 1425 οὐσίαν
997 1385 1052 1432 εἷς
1083 1380 1187 1434 ἡμᾶς
1204 1381 1296 1430 τοὺς
1324 1384 1573 1436 παρασίτους

107 1438 176 1479 καὶ
191 1434 262 1484 τὰς
279 1437 456 1489 ἑταίρας·
491 1436 550 1474 ibi
573 1438 790 1477 commode
803 1439 1009 1492 Berglerus
1030 1439 1156 1478 verba
1173 1439 1345 1478 Luciani
1363 1439 1542 1491 protulit
1558 1453 1571 1477 ε

107 1492 196 1534 vid.
219 1493 388 1530 Plutum
412 1492 620 1545 Aristoph.
651 1508 691 1533 v.
714 1499 809 1539 243.
848 1496 937 1535 Jolz.
965 1495 1157 1550 Chrysost.
1215 1498 1267 1537 Οἵ
1301 1495 1372 1547 μὲν
1401 1493 1573 1545 πόρναις

109 1547 278 1598 διδόασι,
301 1551 343 1590 οἱ
363 1548 402 1588 δὲ
422 1551 670 1602 παρασίτοις,
694 1552 735 1591 οἵ
754 1552 795 1592 δὲ
817 1551 991 1601 κόλαξιν,
1021 1555 1061 1593 οἵ
1079 1553 1118 1593 δὲ
1137 1553 1283 1604 τέρασι.
1315 1552 1507 1604 Diogenes
1531 1566 1572 1589 a·

107 1605 196 1661 pud
210 1604 320 1645 Stob.
332 1619 370 1657 p.
387 1607 482 1648 506.
496 1606 806 1658 elegantissima
823 1607 1068 1646 divitiarum
1085 1622 1178 1645 cum
1192 1607 1352 1645 vitibus
1366 1607 1573 1646 arbustis-

110 1676 214 1716 que,
247 1674 354 1714 quae
375 1663 609 1713 praeruptis
631 1673 671 1700 et
693 1662 919 1702 inaccessis
940 1664 1116 1716 rupibus
1140 1664 1438 1713 innascuntur,
1460 1677 1570 1702 com-

108 1717 341 1772 paratione.
381 1716 536 1755 Rarius
559 1717 723 1768 (guidem
747 1731 975 1759 occurrunt
999 1721 1043 1758 in
1068 1730 1150 1758 tam
1170 1719 1343 1758 sordido
1365 1721 1572 1758 comitatu

106 1777 280 1826 ἑταῖροι,
308 1775 428 1811 amici
454 1772 705 1827 sodalesque5
742 1786 783 1814 et
814 1786 953 1815 tamen
987 1790 1300 1830 nonnusquam.
1362 1775 1571 1816 Heraclid.

111 1830 223 1884 apud
243 1830 388 1868 Athen·
409 1828 509 1866 ΧΠ·
543 1844 580 1880 ρ.
604 1834 699 1873 537.
721 1831 768 1869 C.
815 1838 928 1873 ποῖοι
948 1831 1024 1886 γὰρ
1049 1828 1098 1872 οὗ
1127 1833 1316 1882 κόλακες,
1346 1829 1375 1884 ἦ
1401 1835 1438 1872 τί
1473 1836 1571 1885 πλῆ-

108 1894 188 1935 θος
220 1881 291 1937 οὔχ
318 1886 483 1936 ἑταίρων
509 1886 600 1938 περὶ
629 1884 751 1926 αὐτὸν
773 1888 967 1936 (Calliam
993 1888 1234 1940 Hipponici
1270 1888 1425 1937 filium)
1446 1882 1571 1940 ἦσαν.

110 1941 242 1983 vertit
273 1940 571 1992 Dalecampius,
604 1945 718 1994 quasi
746 1943 895 1995 legisset
925 1944 1107 1997 ἑταιρῶν·
1141 1943 1257 1997 quod
1294 1943 1463 1996 quidem
1501 1959 1572 1984 ne-

92 1995 223 2038 'cesse
251 2010 335 2035 non
360 2006 434 2035 est.
497 1996 681 2037 sz‘lostr.
717 1998 767 2039 de
790 2000 835 2040 V.
857 2000 895 2037 S.
916 1999 971 2038 II.
998 2014 1032 2038 c.
1056 2003 1121 2044 25.
1154 2005 1192 2049 9.
1215 2006 1252 2044 3.
1315 2000 1572 2040 Hermocra-

110 2064 172 2094 tes
194 2063 386 2106 paternas
409 2066 509 2105 opes
535 2053 759 2106 dissipavit
787 2057 826 2103 ἐς
848 2052 1022 2109 ἄκρατον
1049 2058 1115 2097 καὶ
1147 2057 1329 2110 ἑταίρους
1354 2058 1466 2106 οἴους
1496 2074 1571 2098 πα-

112 2116 271 2166 ρασχεῖν
290 2110 356 2150 καὶ
387 2111 577 2165 κωμῳδία
603 2109 745 2164 λόγον,
779 2110 866 2153 οἷον
896 2114 1092 2166 παρέσχον
1116 2115 1356 2153 οἱ.Καλλ,ίαν
1375 2111 1471 2154 πότε
1501 2112 1573 2155 τὸν

103 2164 349 2208 Ἰππονίκου
371 2164 695 2214 κολακεύσαντες.
757 2167 821 2206 Ad
841 2183 934 2208 eum
956 2172 1096 2207 locum
1121 2168 1300 2207 olearias
1318 2178 1360 2207 et
1380 2168 1570 2209 diversos

113 2222 268 2262 Callias
294 2220 517 2272 confudit,
550 2232 590 2260 et
616 2237 785 2274 prorsus
807 2225 1046 2277 ignoravit,
1081 2225 1123 2262 in
1147 2235 1285 2264 mente
1318 2225 1446 2264 fuisse
1469 2225 1573 2264 Phi—

110 2279 273 2318 lostrato
285 2277 545 2315 notissimam
560 2277 763 2330 Eupolidis·
774 2280 954 2318 fabulam
971 2280 1169 2330 Κόλακας,
1184 2294 1265 2333 qua
1277 2280 1457 2319 Calliam
1476 2295 1572 2321 cum

111 2333 326 2389 sodalibus
352 2333 437 2370 suis
472 2333 650 2386 impuris
671 2337 984 2375 acerbissimum
1018 2337 1061 2374 in
1092 2337 1264 2375 modum
1284 2335 1494 2379 traduxit.
1524 2346 1574 2376 ut

111 2399 277 2429 constat
298 2403 350 2427 ex
369 2388 513 2428 Athen.
537 2404 580 2442 p·
601 2394 697 2435 506.
729 2390 777 2432 F.
801 2403 843 2432 et
867 2393 1219 2446 SekobAris-wpk.
1242 2391 1294 2431 ad
1315 2393 1395 2432 Av.
1420 2398 1571 2437 v.284.

109 2447 290 2485 HzMST.
313 2444 371 2482 II.

222 2500 324 2541 Ead.
355 2503 383 2538 l·
414 2506 451 2544 7.
502 2504 555 2543 Οἱ
570 2501 713 2557 λάροι)
755 2504 903 2545 stolidi
940 2516 975 2544 et
1012 2506 1284 2546 obsonatores:
1321 2505 1517 2561 adagium
1548 2522 1573 2547 a

110 2558 241 2606 Lari,
274 2555 318 2594 id
339 2565 419 2607 est,
453 2558 600 2609 gaviae
620 2561 795 2613 iugenio
818 2571 1013 2601 sumtum.
1044 2563 1186 2600 Bnon.
1249 2561 1365 2615 Quid
1388 2566 1573 2602 voluerit

115 2614 369 2660 scholiastes,
403 2627 495 2650 cum
520 2617 698 2666 exponit
720 2632 793 2669 per
813 2616 945 2671 ἡδεῖς,
973 2632 1050 2671 ego
1074 2618 1232 2656 nescire
1254 2633 1318 2658 me
1339 2618 1486 2659 lubens
1507 2621 1572 2658 fa—

113 2677 231 2709 teor:
263 2670 373 2709 Coll.
398 2669 491 2707 Gal.
515 2671 685 2722 melius,
719 2672 960 2728 ἀδδηφοὶγοι.
1004 2674 1187 2712 Vorsiius
1216 2671 1378 2727 ἀνόητοι
1411 2675 1566 2723 reddit,

113 2734 156 2763 et
186 2724 236 2762 ad
267 2723 423 2778 Adagia
454 2725 611 2765 Erasmi
633 2742 710 2767 nos
741 2730 948 2771 amandat.
1011 2728 1306 2768 certissimum
1333 2740 1417 2780 est,
1450 2732 1568 2785 quod

110 2780 302 2823 Barlaeus
328 2791 498 2834 monet,
530 2795 650 2824 avem
676 2799 764 2827 esse
792 2800 880 2828 non
911 2800 1104 2829 voracem
1135 2795 1320 2841 tantum,
1361 2787 1434 2831 sed
1460 2802 1567 2844 quae
