1778 3194
193 271 367 301 CXXXH
473 268 569 296 JO.
653 265 898 296 FRED.
983 264 1372 296 REITZI'I

198 369 286 409 lom·
308 365 451 407 textui
475 363 641 404 ibidem
659 377 750 403 non
766 365 995 415 subjectas,
1027 361 1105 404 sed
1129 363 1235 405 calci
1255 361 1462 414 adnexas,
1495 361 1671 403 exscri-

201 438 306 477 bere
332 432 436 473 inde
466 440 638 472 coactus
660 433 739 472 fui.

320 567 621 608 *Novissimam
641 567 820 609 tandem
831 565 1293 609 Amstelodamensem
1314 567 1511 607 omnium
1532 564 1678 606 vitio—

210 635 492 678 sis-s,1na111cl.
523 632 590 674 Gr
605 651 625 674 a
642 649 698 674 ev
716 637 755 675 ii
781 635 1023 676 editionem
1046 650 1098 675 eo
1116 636 1263 690 potius
1281 634 1464 676 consilio
1481 632 1678 682 adhibui,

209 711 260 744 ut
282 706 374 753 ejus
389 710 432 740 et
458 703 506 740 cl.
530 700 597 741 Gr
610 718 670 742 on
687 705 808 743 ovii
832 711 956 742 notas
977 702 1081 743 inde
1097 716 1395 757 excerperem,
1415 715 1545 758 quam
1558 707 1607 739 ut
1623 711 1681 739 ex

214 770 380 810 Graeco
405 771 497 819 ejus
513 779 719 810 contextu
743 769 906 825 aliquid
920 771 1121 810 utilitatis
1139 784 1376 825 sperarem,
1398 770 1472 824 qui
1492 769 1554 808 ita
1567 779 1682 817 neg-

212 839 404 888 ligenter
440 844 505 875 est
537 836 739 886 habitus,
780 847 828 878 ut
858 852 947 878 non
976 838 1108 879 modo
1140 852 1197 877 ex
1229 836 1362 877 Codd.
1409 836 1485 892 qui
1513 833 1681 875 ibidem

215 904 489 948 indicantur,
534 904 648 950 nihii
681 905 728 943 in
762 920 812 944 eo
846 906 903 945 sit
929 907 1206 956 restitutum,
1239 903 1317 943 sed
1343 900 1517 944 mendis
1545 911 1685 956 typo-

218 971 436 1025 graphicis
459 969 618 1010 Latina
652 968 902 1028 Graecaque
933 980 1150 1023 scateant,
1181 972 1375 1012 maxime
1409 973 1457 1010 in
1490 971 1608 1010 notis
1640 975 1686 1007 et

221 1039 481 1080 Scholiaste.
541 1035 595 1077 Id
623 1046 772 1078 tamen
804 1042 905 1079 boni
935 1041 1112 1089 habuit,
1146 1038 1261 1094 quod
1291 1041 1342 1077 ‹·l.
1371 1037 1687 1077 Hemetcrhusius

220 1106 267 1145 in
297 1107 390 1155 ejus
421 1106 618 1155 margine
648 1105 863 1160 quaedam
889 1106 1169 1161 adpinxerat,
1201 1120 1312 1161 quae
1340 1104 1393 1146 de.
1417 1102 1686 1145 consulendo

221 1172 261 1213 D
276 1187 301 1211 u
316 1174 346 1211 k
359 1186 381 1211 e
396 1187 415 1211 r
429 1186 453 1211 o
476 1170 529 1211 ad
545 1173 722 1226 leucycl.
745 1173 784 1212 D
799 1188 821 1213 a
835 1175 888 1212 vi
903 1188 936 1214 s.
957 1174 1008 1214 ad
1025 1173 1105 1213 Cic.
1119 1172 1226 1214 eLL.
1250 1172 1286 1212 B
1302 1189 1325 1213 o
1340 1189 1358 1213 5
1378 1174 1427 1214 in
1439 1173 1567 1214 Obss.
1580 1169 1686 1212 Crit.

223 1247 482 1288 monerent,
516 1238 634 1279 unde
659 1248 703 1279 et
725 1255 774 1280 ea
797 1242 914 1280 notis
944 1242 1104 1280 nostris
1128 1242 1320 1291 inserui,
1353 1241 1586 1282 monitoris
1613 1252 1689 1277 no-

225 1306 346 1347 mine
371 1305 541 1355 addito,
576 1307 662 1346 nisi
679 1307 754 1346 ubi
776 1309 890 1346 sorte
910 1306 1028 1347 idem
1049 1322 1129 1363 per
1146 1321 1218 1348 me
1234 1311 1323 1359 jam
1342 1315 1578 1349 notassem.

339 1438 465 1479 Nunc
489 1437 542 1480 de
566 1441 723 1481 ceteris
743 1440 1034 1494 adminiculis,
1052 1451 1095 1482 et
1115 1442 1219 1499 quid
1241 1444 1404 1484 laboris
1424 1441 1695 1483 exhaurien-

229 1506 333 1548 dum
356 1508 611 1558 habuerim,
646 1508 807 1562 quidve
829 1523 880 1548 eo
903 1512 1197 1564 praestiterim
1213 1544 1222 1562 ,
1254 1512 1367 1551 mihi
1395 1508 1614 1549 docendus
1635 1520 1695 1548 es.

229 1575 300 1615 Ex
322 1574 357 1614 B
374 1589 394 1613 r
408 1589 431 1614 o
448 1573 471 1613 d
488 1590 509 1613 a
527 1577 579 1614 ei
604 1576 672 1615 Mi
687 1590 705 1614 s
718 1577 839 1616 cell.
862 1590 967 1631 quas
987 1562 1314 1631 inLampadem
1335 1578 1527 1617 criticam
1544 1576 1698 1616 retulit

236 1642 443 1692 Graiam,
476 1643 662 1696 piurima
691 1658 864 1698 quoque
887 1645 1078 1696 inserui,
1104 1648 1186 1685 etsi
1209 1647 1326 1685 levia
1349 1660 1480 1700 saepe
1502 1653 1628 1694 sunt,
1655 1651 1699 1683 et

233 1712 295 1751 ita
320 1711 481 1749 vitiose
505 1711 553 1749 in
575 1711 650 1749 illa
676 1713 835 1750 crebris
857 1712 1016 1766 ubique
1046 1715 1199 1753 naevis
1225 1716 1449 1753 obfuscata
1482 1716 1576 1752 sace
1611 1725 1700 1751 ex-

234 1791 410 1834 pressa,
442 1786 490 1817 ut
521 1777 574 1817 ad
607 1780 794 1818 auctoris
816 1787 1011 1819 mentem
1042 1782 1209 1834 potius,
1243 1795 1372 1834 quam
1398 1780 1447 1819 ad
1479 1779 1551 1830 id,
1582 1777 1700 1834 quod

232 1846 374 1885 literis
400 1859 657 1900 expressum
678 1846 864 1896 legitur,
897 1859 1028 1901 saepe
1051 1848 1372 1901 respiciendum
1395 1847 1551 1886 suerit:
1584 1845 1702 1885 dan--

237 1912 340 1953 dum
370 1922 517 1952 tamen
551 1913 634 1952 hoc
664 1913 884 1963 omnium,
920 1928 1027 1968 quos
1058 1918 1182 1966 novi,
1212 1917 1355 1969 primo
1374 1914 1548 1952 Luciani
1576 1927 1701 1954 com-

234 1983 474 2020 mentatori
500 1982 605 2031 suit,
638 1988 686 2020 ut
720 1983 812 2030 ejus
846 1980 1051 2023 adnotata
1081 1984 1340 2038 plerumque
1371 1981 1626 2037 perbrevia,
1658 1987 1704 2020 et

239 2056 494 2088 contextum
513 2047 737 2087 interdum
760 2049 872 2088 bene
897 2046 1178 2090 emendantia
1211 2057 1539 2106 repeterentur3
1571 2062 1704 2103 quare

238 2130 290 2156 ea
310 2123 481 2155 tantum
503 2116 645 2166 omisi,
669 2130 778 2171 quae
801 2117 932 2156 nimis
954 2119 1139 2171 puerilia
1163 2118 1438 2168 videbantur,
1462 2125 1511 2156 ut
1533 2115 1706 2171 quando

239 2181 295 2222 ad
326 2184 512 2223 verbum
543 2185 730 2224 πέπονθα
750 2192 924 2235 monet,
956 2186 1002 2224 id
1037 2199 1132 2225 esse
1156 2186 1361 2238 ῐιπάσχω,
1393 2186 1468 2225 vel
1488 2184 1703 2236 διαπαρεὶς,

240 2264 265 2289 a
296 2252 518 2304 διαπείρωξ
544 2260 587 2291 et
616 2253 774 2292 similis
799 2252 990 2300 farinae3
1021 2252 1244 2293 interdum
1274 2262 1317 2293 et
1339 2267 1408 2302 ea,
1443 2265 1554 2307 quae
1585 2250 1707 2292 aliud

240 2331 372 2368 agens
393 2319 439 2357 in
460 2319 642 2357 Lucicmo
662 2318 891 2370 emendat,
916 2319 994 2359 sed
1014 2334 1122 2373 quae
1146 2321 1276 2360 nimis
1299 2320 1494 2375 dispersa
1517 2319 1707 2375 conqui-

241 2399 338 2424 rere
367 2400 457 2424 non
483 2386 622 2441 potui.

353 2519 468 2560 Tum
510 2521 643 2561 etiam
678 2510 1024 2563 communicatae
1047 2538 1221 2565 mecum
1246 2527 1371 2565 fuere
1402 2532 1531 2564 notae
1570 2518 1704 2563 manu

243 2587 430 2640 scriptae
461 2590 493 2628 F
506 2605 536 2629 r.
572 2588 608 2629 G
623 2604 649 2627 u
664 2590 676 2627 i
689 2597 741 2627 et
755 2590 769 2627 i
784 2619 794 2636 ,
837 2603 892 2628 ex
928 2591 1084 2643 quibus
1113 2593 1190 2632 Ae
1203 2607 1239 2644 g.
1272 2592 1317 2632 Μ
1332 2607 1353 2631 e
1367 2607 1391 2631 n
1405 2607 1427 2631 a
1441 2592 1488 2642 gi
1502 2606 1528 2630 u
1543 2606 1586 2630 m
1626 2606 1706 2630 sua

243 2656 388 2694 omnia
411 2656 609 2696 hausisse
627 2656 739 2696 mihi
763 2657 1029 2711 persuadeo,
1059 2659 1119 2698 ita
1142 2659 1196 2700 ad
1217 2662 1402 2699 vei-bum
1424 2657 1578 2698 eadem
1598 2660 1704 2698 ubi-

240 2736 324 2776 que
345 2723 493 2774 habet,
526 2737 634 2777 quae
667 2722 703 2764 G
717 2738 745 2763 u
759 2725 773 2763 i
787 2732 908 2765 etus
925 2756 936 2776 ,
967 2739 1051 2779 quo
1073 2725 1281 2769 defuncto
1304 2730 1452 2768 forsan
1466 2733 1617 2766 nactus
1637 2732 1704 2765 est
