1778 3194
494 227 1142 264 lNNloRINU'AI.
1453 226 1550 273 267

89 329 227 371 Thuc.
248 342 292 382 p.
315 329 412 373 775.
448 326 552 370 GuiZ.
574 327 733 381 Langio
755 336 903 368 contra
923 326 1098 381 probata
1113 329 1266 372 Hemsi.
1293 333 1556 387 conjecturag

89 386 298 426 Similiter
326 386 371 423 in
391 385 530 424 Prom.
555 399 589 425 s,
623 384 754 425 Cauc.
787 398 823 423 c.
857 388 897 427 7.
927 388 998 435 τῆς
1025 380 1148 439 ὀργῆς
1176 388 1220 429 τὸ
1251 389 1498 444 κεφάλαιον,
1529 391 1556 435 ἅ

89 445 218 493 ἐστιν,
258 440 520 493 ἐννοήσαντα,
551 455 656 495 quae
685 450 726 479 et
755 440 846 492 ipsa
875 440 1002 480 verba
1035 441 1127 481 sine
1159 443 1340 499 idonea,
1382 449 1552 502 opium,

90 514 235 540 caussa
255 498 491 538 solicitavit
512 497 835 537 Hemsterkusius.
867 497 1024 539 Lnnm.

199 555 310 595 Emi.-
332 558 361 595 l.
392 560 457 598 10.
489 551 598 607 ”an
618 553 721 607 ἤδη)
756 553 848 592 Jam
868 569 933 592 vcr
951 553 1147 596 adventat.
1171 556 1316 599 Bnon.
1376 561 1559 601 Atheni-

89 626 232 662 enses,
254 611 450 665 inprimis
471 610 610 650 Attici
630 608 967 664 φιλοσκώμμονες,
992 621 1047 661 et,
1063 612 1311 654 Dicaearcho
1323 626 1429 656 teste
1450 633 1492 670 p.
1516 624 1558 662 9.

88 669 364 721 παρατηρηταὶ
383 674 461 709 τῶν
481 670 644 717 ξενικῶν
665 671 765 722 βίων
780 680 789 690 ·
822 666 1090 720 quamobrem
1103 700 1115 718 ,
1149 669 1185 708 si
1202 671 1298 725 quis
1322 675 1557 726 conspicuo

91 724 275 778 quodam
305 725 517 763 laboraret
547 724 682 773 vitio,
726 738 827 763 mox
861 722 962 762 huic
990 725 1124 764 veluti
1153 737 1300 765 notam
1330 728 1560 770 inurebant

88 784 280 835 jocosum
307 778 480 835 aliquod
512 794 770 834 cognomen:
804 793 928 833 quam
957 794 1101 820 eorum
1121 781 1346 824 libidinem
1374 785 1561 826 traducit

88 836 338 877 Anaxandr.
362 835 475 889 apud
498 837 644 876 Athen.
668 836 742 878 VI.
767 851 808 890 p.
829 841 926 879 242.
949 837 1000 876 E.
1023 836 1140 876 Idem
1170 838 1330 880 discere
1348 841 1473 892 licet,
1506 857 1562 882 ne

88 894 170 932 alia
205 907 453 939 memooem,
486 907 543 938 ex
560 893 763 946 Harpocr.
795 894 840 930 in
866 891 1039 948 Ἀργᾶς,
1075 893 1271 946 Βάταλος,
1298 893 1561 952 Ἐπικράτης,

91 951 319 1002 Μαργίτης,
353 946 536 991 Νάννιον
556 958 638 989 etc.
699 950 841 1002 Atque
857 949 960 989 haec
982 959 1044 988 est
1065 965 1225 1001 caussa,
1252 967 1327 991 cur
1347 964 1562 994 oratorum

91 1005 260 1056 acerba,
291 1005 448 1059 quibus
478 1020 555 1059 pro
577 1005 786 1044 concione
815 1020 857 1045 se
889 1006 1073 1046 invicem
1099 1007 1383 1061 impetebant,
1416 1011 1566 1050 convi-

90 1061 156 1101 cia
177 1071 263 1100 tam
285 1061 432 1115 aequis
454 1061 626 1100 auribus
651 1063 954 1112 acciperentur.
990 1062 1210 1116 Quicquid
1233 1075 1351 1119 grata
1371 1069 1564 1106 colorum

91 1117 298 1158 varietate
319 1128 488 1168 vernat,
515 1119 584 1172 ἔαρ
605 1117 716 1170 apud
737 1119 943 1158 Graecos:
975 1119 1170 1171 adposite
1183 1121 1409 1162 Luciantde
1429 1125 1562 1164 Dom.

91 1177 132 1224 ὓ.
156 1179 222 1218 11.
247 1188 356 1227 pavo
381 1175 595 1226 explicata
617 1174 749 1213 cauda
780 1176 1048 1217 ἐπιδείκνυται
1068 1176 1115 1217 τὰ
1137 1176 1246 1230 ἄνθη
1265 1176 1312 1220 τὰ
1339 1177 1469 1222 αὐτοῦ
1497 1181 1566 1222 καὶ

90 1229 135 1271 τὸ
160 1231 229 1282 ἔαρ
257 1235 335 1272 τῶν
359 1235 535 1282 πτερῶν,
577 1229 704 1283 ὥςπερ
734 1228 854 1272 αὐτὸν
875 1236 1174 1285 προκαλοῦντος
1188 1239 1259 1275 τοῦ
1278 1240 1479 1288 λειμῶνος
1508 1240 1566 1285 εἰς

90 1284 168 1338 τὴν
195 1285 382 1340 ἅμιλλαν·
417 1286 570 1340 quibus
598 1286 808 1325 adfirmari
835 1297 977 1340 potest
999 1288 1044 1328 P.
1079 1287 1225 1329 Cunaei
1250 1292 1490 1332 emendatio
1514 1293 1564 1331 in

92 1342 237 1382 Nonno
258 1357 297 1395 p.
323 1346 420 1385 104.
484 1342 596 1391 Ταώς
619 1342 670 1382 de
694 1342 891 1393 homine,
925 1344 999 1398 qui
1032 1345 1285 1385 vestimento
1307 1349 1565 1389 versicolore

92 1399 149 1437 sit
171 1397 371 1447 indutus,
396 1398 616 1437 Comicum
639 1408 720 1438 est:
753 1398 805 1437 ob
827 1414 915 1438 eam
939 1400 1148 1440 rationem
1161 1402 1377 1442 Persarum
1401 1394 1565 1459 legatos

93 1453 153 1492 ita
176 1465 302 1494 vocat
316 1456 533 1507 Aristoph„
547 1455 650 1495 Ach.
671 1470 711 1495 v.
733 1460 802 1498 63.
830 1470 925 1493 nam
952 1470 1059 1509 quae
1079 1468 1244 1508 praeter
1265 1458 1349 1497 hoc
1369 1459 1566 1500 Scholia—-

91 1520 167 1549 sies
185 1511 363 1562 profert,
379 1511 539 1548 nullius
564 1510 675 1563 apud
697 1525 762 1550 me
783 1521 884 1548 sunt
904 1512 1045 1564 pretii.
1077 1513 1263 1553 Philostr.
1287 1514 1347 1555 lc.
1371 1517 1431 1554 ΙΙ.
1445 1523 1566 1561 c.32.

38 1565 45 1569 ⁸
93 1563 116 1608 ὅ
138 1565 325 1620 βασιλευς
342 1566 595 1621 (Persarum)
620 1568 684 1608 ἐπὶ
703 1571 856 1620 χρυσοῦ
875 1566 1032 1620 θρόνου
1057 1567 1230 1620 στικτὸς,
1262 1567 1351 1612 οἷον
1372 1571 1486 1621 ταώς.
1520 1573 1567 1612 in

93 1623 271 1664 Heroic.
295 1637 336 1674 p.
356 1627 451 1666 724.
477 1622 527 1660 ad
550 1637 758 1676 pavonem
791 1624 1010 1663 confertur
1030 1625 1149 1663 Paris
1179 1626 1223 1664 in
1245 1629 1365 1666 cultu
1396 1629 1568 1668 nitidis-

98 1680 208 1718 simo
239 1693 327 1718 sese
355 1679 716 1733 circumspiciens.
789 1678 918 1732 Quod
951 1689 1088 1720 autem
1121 1683 1333 1736 sequitur,
1377 1683 1472 1739 τάχα
1499 1691 1570 1738 τῆς

94 1733 242 1788 μητρός
261 1737 365 1778 ἔστιν
386 1730 536 1786 αὐτοῦ,
568 1736 629 1774 sic
649 1734 900 1788 capiendum
921 1745 1045 1790 putat
1068 1736 1256 1791 Cuperus,
1283 1742 1403 1792 quasi
1426 1741 1569 1781 homi-

96 1806 173 1831 nes
193 1791 347 1830 urbani
367 1802 538 1830 matrem
558 1791 819 1843 huicjuveni
832 1791 986 1831 stolide
1006 1793 1189 1846 superbo
1208 1798 1471 1837 meretricem
1494 1799 1568 1837 ob-

97 1848 274 1901 jicerent
297 1848 401 1888 Obs.
421 1847 480 1896 II,
496 1853 588 1899 8.p.
606 1852 702 1890 289.
719 1861 858 1900 neque
881 1847 1114 1888 dissentio:
1146 1850 1219 1889 sed
1241 1852 1322 1890 ista
1344 1867 1439 1892 cum
1464 1855 1567 1892 scri-

97 1903 247 1954 hebat,
280 1904 347 1943 ubi
376 1915 513 1942 narrat
531 1903 758 1948 Lucianus,
789 1904 981 1957 quendam
1010 1907 1202 1944 introiisse
1228 1908 1419 1947 theatrum
1445 1910 1570 1949 indu-

100 1969 182 1999 tum
204 1971 304 1998 veste
322 1962 433 1999 varia
446 1989 457 2007 ‚
478 1959 618 1997 minus
638 1957 869 1997 attendisse
893 1958 1081 2011 Cupcrum
1101 1962 1203 1999 satis
1220 1972 1350 2014 patet.
1383 1966 1566 2006 HEMST.

160 2012 162 2015 ’
211 2015 314 2056 Emi,
344 2019 373 2056 1,
410 2021 470 2058 11.
517 2012 619 2067 Τάχα
641 2020 710 2067 τῆς
729 2013 905 2068 μητρὸς)
941 2015 987 2053 V
982 2018 1070 2054 estis
1100 2016 1194 2056 haec
1225 2022 1364 2058 matris
1393 2025 1473 2075 ejus
1500 2034 1569 2064 cst.

100 2071 255 2113 Erasm.
277 2072 321 2109 in
344 2071 521 2125 adagio:
558 2071 678 2122 Quem
698 2082 820 2109 mater
848 2075 1035 2110 amictum
1058 2071 1164 2111 dedit
1182 2074 1394 2118 observare.
1425 2079 1566 2117 Biton

103 2129 390 2182 Subintellige
411 2126 544 2179 ἱμάτια
560 2139 567 2146 ·
593 2129 711 2183 forta¹
737 2128 810 2165 lzae
835 2139 952 2166 restes
969 2139 1057 2166 sunt
1079 2133 1218 2169 matris
1244 2135 1347 2184 ejus:
1377 2148 1472 2173 nam
1496 2150 1573 2174 vc-

102 2194 184 2224 stes
206 2184 347 2223 variae
370 2184 594 2223 muliebres
615 2191 747 2232 erant,
765 2198 851 2222 non
874 2184 1032 2222 viriles.
1064 2185 1216 2239 Inepte
1231 2188 1573 2247 interpres,for—-

103 2251 206 2279 rasse
224 2256 315 2279 suae
330 2240 394 2280 hic
410 2250 464 2279 est
484 2242 632 2278 matris.
693 2238 802 2293 Quis
820 2254 919 2280 vero
941 2253 1029 2279 non
1049 2250 1112 2280 est
1133 2255 1233 2282 suae
1254 2245 1400 2284 matris
1420 2246 1533 2286 filius
1550 2247 1572 2286 '?

105 2295 181 2334 ubi
200 2294 272 2334 hic
293 2310 465 2335 acumen
482 2296 502 2335 ’.7
535 2295 671 2334 CLER.

221 2351 324 2393 Eud.
356 2355 385 2391 l.
418 2356 482 2394 12.
522 2357 606 2394 Τῶν
627 2354 848 2394 δακτυλίων
862 2351 907 2395 τὸ
927 2350 1105 2409 πλῆθος)
1128 2355 1197 2395 De
1215 2355 1366 2396 horum
1379 2372 1568 2412 nurnero,

105 2409 283 2448 materia
303 2417 346 2447 et
369 2422 449 2446 usu
471 2411 593 2461 plene
613 2408 726 2449 alibi.
757 2410 937 2450 Bounn.

219 2463 321 2503 Ead.
350 2466 379 2504 l.
412 2466 478 2507 15.
519 2467 701 2520 Δημοσίςι
722 2466 1074 2520 πεπαιδευμένος)
1105 2467 1176 2507 Sic
1199 2470 1243 2507 in
1267 2470 1437 2522 Scytha.
1459 2482 1501 2512 et
1527 2474 1576 2512 in

111 2520 229 2559 omni
249 2520 424 2560 civitate
445 2521 585 2575 frugi,
619 2520 805 2561 advenae
828 2525 1001 2580 δημοσίᾳ
1024 2523 1303 2569 παιδεύονται·
1337 2541 1418 2581 qua
1451 2527 1503 2569 de
1531 2544 1575 2570 rc

109 2574 208 2616 dico
229 2575 404 2630 copiose
428 2576 545 2616 alibi.
576 2577 751 2619 Bonan.

225 2633 325 2686 Pag.
355 2637 422 2676 37.
452 2635 479 2672 l.
513 2639 551 2677 1.
594 2634 782 2686 Βαπτόν)
814 2633 951 2675 Colore
972 2636 1106 2690 aliquo
1130 2637 1331 2693 infectum.
1362 2640 1575 2683 Videntur

119 2687 231 2727 enim
247 2688 524 2729 Athenienses
545 2690 732 2729 vestibus
753 2691 944 2730 candidis
963 2692 1105 2730 induti
1123 2693 1244 2733 ludos
1266 2706 1485 2750 spectasse,
1506 2701 1575 2739 uti

120 2743 250 2784 etiam
273 2758 391 2786 sacra
421 2746 596 2802 fecisse,
625 2760 673 2788 ac
702 2761 748 2790 se
769 2746 822 2788 ad
844 2748 1053 2790 laetitiam
1083 2747 1260 2792 dedisse.
1309 2754 1498 2799 Aescln'n.
1525 2758 1572 2796 iu
