1778 3194
191 254 303 301 416
555 260 1307 295 ADNOTATIONES

204 379 298 406 raro
320 362 521 403 confusa:
553 374 649 399 nam
674 358 786 413 apud
799 360 1042 399 Athenaeum
1055 360 1201 402 ΒΙατῘιο
1224 359 1276 400 de
1300 363 1471 403 feminis
1493 382 1546 421 τῳ
1569 361 1671 420 nimy.

203 427 331 474 057:er
350 434 450 458 usus
473 428 558 468 est,
593 417 659 456 uti
681 417 730 456 de
752 415 916 456 deliciis
948 419 1176 470 χαοίζεσθαι
1192 418 1335 458 Noster
1355 414 1669 464 Dia11.1‘v10rtt.

205 478 284 529 IX,
305 482 344 521 4
377 474 454 529 ἤδη
475 473 693 529 μανθάνω,
726 471 842 515 ἅτινά
863 487 928 516 σοι
951 475 1102 523 ἐκεῖνος
1128 476 1336 531 ἐχαρίζετο.
1377 478 1613 521 Hans-131.

317 586 419 630 Ead.
452 590 480 629 l.
512 591 553 634 5.
589 583 836 636 Ἐκεῖνος
865 586 981 641 μεν]
1026 587 1191 639 Operae
1212 590 1396 654 pretium
1418 585 1587 631 videtur
1609 606 1671 632 es..

207 661 275 695 se,
309 645 524 684 licentiam
549 645 793 694 observare,
829 658 910 696 qua
934 654 1082 684 auctor
1108 646 1340 685 sententias
1362 647 1473 686 inter
1505 662 1548 687 se
1571 662 1672 687 con-

203 706 371 743 nexuit.
433 702 644 752 Protasis,
680 716 785 751 quae
816 715 838 739 a
862 701 1020 742 verbis-
1054 698 1250 743 Ἐπειόἂν
1273 703 1314 744 δὲ
1343 701 1387 744 τὸ
1409 710 1572 757 σημεῖον
1600 705 1674 742 in—

205 769 395 813 cepesat,
431 758 548 796 finita
572 768 634 797 est
653 773 747 796 cum
771 772 875 796 voce
896 754 1120 812 απολαβών.
1162 759 1252 799 Jam
1274 774 1401 814 quum
1424 760 1468 798 in
1491 759 1671 814 ap'odosi

203 827 405 869 sequatur
422 816 575 863 ἐκεῖνος
594 833 636 867 μ
625 815 679 863 ἓν,
705 825 745 854 et
773 829 878 867 quae
905 815 1097 864 proxima
1119 815 1326 868 particula
1349 816 1388 857 δὲ
1408 816 1476 854 his
1497 831 1672 869 respon-

204 872 323 920 deat‚
357 872 593 922 reperiatur
616 871 781 911 demum
805 885 839 911 c.
865 875 930 915 23
953 871 1011 910 in.
1038 868 1058 913 ὅ
1083 871 1124 913 δὲ
1147 881 1226 911 etc.
1250 872 1379 911 facile
1400 872 1490 912 fieri
1513 883 1668 925 potest,

202 938 253 966 ut
291 927 530 978 decipiatur
562 928 743 980 aliquis,
785 927 857 980 qui
897 927 1013 966 hunc
1046 928 1131 966 sibi
1174 928 1480 967 sententiarum
1514 943 1670 970 nexum

201 985 359 1033 ἐκεῖνος
377 985 467 1036 μὲν,
498 1007 555 1014 -
599 981 620 1025 ὁ
644 984 684 1025 δὲ
704 983 920 1023 invenisse
939 983 1146 1027 videatur.
1209 985 1299 1023 lmO
1320 986 1470 1033 ἐκεῖνος
1488 986 1560 1038 μὲν
1585 996 1626 1026 et
1649 1005 1672 1030 o

201 1041 246 1083 δὲ
267 1050 442 1090 uterque
467 1051 530 1079 est
551 1039 660 1079 idem
682 1039 751 1078 ille
771 1039 920 1080 beatus
941 1039 1073 1081 heres.
1136 1042 1193 1079 Et
1215 1040 1311 1078 dum
1331 1042 1503 1094 scripsit
1521 1043 1675 1083 Lucia..

202 1115 276 1137 nus
299 1097 558 1151 ἕκεῖνοςιιὲν,
593 1095 810 1149 cogitabat
836 1094 942 1145 sibi,
978 1097 1052 1150 qui
1075 1098 1139 1135 illi
1157 1096 1483 1149 responderent,
1517 1102 1672 1139 alteros

203 1154 303 1192 illos
323 1167 395 1217 spe
414 1129 665 1192 hereditatis
698 1153 948 1201 frustratos,
980 1153 1258 1208 volebatque,
1292 1168 1345 1192 ne
1375 1129 1513 1193 dicain
1540 1154 1674 1195 debe-

203 1210 289 1258 bat,
326 1210 386 1247 sic
405 1223 600 1263 pergere·
633 1210 785 1256 ἐκεῖνος
809 1208 852 1261 μὲ
839 1226 878 1249 ν
908 1231 964 1239 -
993 1211 1327 1261 μετονομασθείς·
1359 1207 1455 1259 τούς
1480 1212 1520 1253 δέ
1543 1208 1672 1264 μάτην

201 1265 422 1318 κεχηνότας
442 1267 618 1313 ἐκείνους
648 1288 699 1294 —-
732 1267 951 1307 καταλείπει
981 1275 1062 1305 etc.
1124 1264 1383 1318 Hujusmodi
1403 1269 1547 1318 paullo
1566 1267 1672 1307 libe-

202 1324 357 1362 riorem
377 1321 577 1362 nectendi
598 1322 805 1361 rationem
825 1321 979 1375 passim
1001 1320 1183 1359 indulsit
1205 1322 1308 1371 sibi,
1342 1323 1523 1363 maxime
1544 1323 1588 1361 in
1611 1325 1672 1363 fa-

203 1379 362 1417 miliari
384 1393 600 1428 sermone,
633 1379 816 1431 scriptor
838 1388 998 1418 noster.
1058 1379 1210 1417 Minor
1232 1389 1371 1417 tamen
1400 1379 1487 1418 fere
1521 1381 1670 1433 ipsius,

204 1450 328 1490 quam
356 1435 639 1484 criticorum,
682 1438 807 1486 culpa
841 1433 1079 1483 censenda,
1123 1433 1239 1488 quod
1272 1434 1319 1472 hi
1361 1449 1671 1489 nonnunquam

203 1492 341 1531 aliena
361 1492 402 1531 ei
425 1505 525 1544 prae
548 1491 682 1530 nimia
704 1490 932 1531 sedulitate
963 1504 1009 1528 ac
1030 1490 1259 1544 diligentia
1280 1490 1506 1532 obtrudere
1528 1494 1673 1532 conati

202 1558 313 1587 sunt.
374 1549 630 1601 Exemplum
660 1551 928 1587 luculentum
955 1547 1090 1586 Dian.
1118 1549 1255 1588 Deor.
1279 1546 1407 1598 XIV,
1439 1553 1478 1591 2.
1500 1547 1551 1588 de
1583 1563 1669 1604 quo

200 1613 342 1644 tamen
366 1618 443 1643 suo
465 1608 578 1644 loco.
616 1604 776 1643 me.

313 1715 413 1756 Eud.
445 1719 474 1756 Ῑ.
507 1722 547 1761 6.
591 1719 776 1770 Πυῤῥίου
798 1714 827 1769 ἦ
848 1722 975 1770 Δρομ.
993 1713 1022 1768 ἢ
1044 1717 1216 1768 Τιβίου)
1255 1716 1475 1756 Dixerunt
1497 1714 1546 1754 ad
1569 1715 1674 1755 Per-

199 1776 300 1813 sium
334 1773 417 1811 viri
449 1774 692 1814 clarissimi:
733 1773 784 1813 de
811 1773 879 1811 his
919 1772 1166 1810 nominibus
1205 1773 1380 1825 copiose
1406 1773 1668 1826 Aristophan.

199 1830 372 1871 Bomio.
430 1829 618 1868 Nomina
639 1844 879 1878 servorum,
912 1842 1090 1881 quorum
1115 1828 1310 1866 ultimum
1334 1842 1357 1866 a
1376 1829 1550 1881 regione
1573 1829 1672 1867 duc-

201 1896 291 1926 tum
304 1895 391 1930 θεῖς
427 1896 491 1924 est
520 1886 634 1924 enim
661 1887 706 1923 in
731 1885 921 1939 Phrygia
954 1894 1074 1923 mons
1100 1884 1249 1924 Tibius.
1310 1884 1500 1923 Emencla
1533 1884 1673 1924 obiret

204 1942 318 1996 apud
353 1916 605 1994 fheopkrast.
666 1941 769 1982 Eth.
804 1940 930 1981 Char.
963 1957 1004 1981 π.
1025 1935 1177 1993 ἇναισχ.
1209 1963 1265 1972 —-
1294 1955 1336 1994 Ρ.
1359 1945 1427 1985 30.
1451 1941 1500 1981 Β.
1549 1945 1668 1991 Τίβιε.

201 1998 303 2039 vid.
326 1998 761 2051 Stephan.Byzantin.
798 2009 840 2038 et
861 1997 1031 2037 Salmas.
1054 1998 1168 2037 Plin.
1211 1998 1420 2038 Exercitt
1452 2003 1520 2041 34.
1545 1999 1596 2038 G.
1627 2007 1671 2037 et

203 2054 258 2094 de
289 2056 424 2094 Mero.
457 2054 581 2096 cond.
618 2071 654 2096 c.
684 2059 752 2100 25.
788 2055 909 2096 Alex.
943 2068 978 2095 c,
1002 2058 1067 2096 29.
1106 2054 1141 2091 Α
1173 2055 1309 2107 primo
1342 2053 1385 2091 fit
1419 2053 1585 2104 Byr-rlzia
1615 2077 1673 2085 -

206 2113 404 2162 Terentii‚·
437 2115 557 2163 cujus
586 2122 635 2150 ut
656 2122 698 2152 et
717 2113 931 2151 Dromom‘s
964 2110 1228 2162 etymologia
1263 2112 1305 2148 in
1342 2113 1568 2161 propatulo
1595 2121 1670 2153 est.

202 2167 255 2210 V.
278 2167 415 2207 Graev.
439 2167 489 2206 ad
513 2167 564 2207 de
585 2169 729 2210 saltat,
756 2169 789 2220 ξ.
812 2173 880 2211 29.
920 2166 1089 2207 SOLAN.
1152 2166 1378 2206 Servorum
1413 2166 1523 2216 apud
1548 2178 1671 2206 vete-

201 2239 267 2264 1es
291 2225 463 2263 nomina
482 2225 610 2264 variis
642 2239 694 2264 ex
725 2225 882 2264 caussis
907 2223 1058 2272 duma,
1092 2232 1141 2260 ut
1170 2232 1394 2273 exponunt
1416 2224 1595 2262 Donatus
1617 2222 1672 2263 ad

204 2283 359 2320 Terent.
388 2280 519 2321 Andr.
540 2283 590 2320 A.
615 2282 648 2323 Ῑ.
669 2280 735 2323 Sc.
757 2287 794 2325 3.
820 2281 893 2319 ubi
916 2279 1014 2317 vide
1040 2277 1306 2331 Linclenbrog.
1331 2294 1369 2331 Ρ.
1385 2284 1477 2323 635,
1502 2279 1668 2320 Hellad.

204 2336 319 2390 apud
346 2336 462 2376 Phoz.
482 2351 523 2390 Ρ.
556 2343 652 2382 870.
684 2353 724 2377 v·
758 2343 824 2381 20.
848 2335 1110 2376 Strabowl.
1141 2349 1182 2387 p.
1210 2339 1305 2378 467.
1345 2338 1384 2377 4.
1416 2351 1435 2374 a
1460 2339 1669 2388 qualitate

205 2395 398 2446 corporis
419 2404 461 2434 et
482 2396 623 2446 specie
646 2395 826 2442 formae,
861 2403 908 2430 ut
931 2391 1135 2446 ijhias,
1170 2392 1390 2446 leylacus:
1423 2407 1443 2432 a
1466 2391 1666 2440 moribus,

204 2449 397 2501 inuenio,
432 2450 689 2504 itidemque,
723 2448 839 2503 quod
857 2448 1012 2488 ominis
1034 2462 1075 2486 er
1080 2462 1133 2500 go
1155 2438 1243 2486 fieii
1266 2450 1449 2499 solebat,
1484 2448 1666 2487 servien-

207 2505 251 2544 di
257 2482 522 2559 tdiligentia,
563 2509 735 2557 Dromo,
777 2508 958 2553 Synetus,
997 2502 1224 2549 Onesimus
1265 2505 1404 2556 L‘Uolo,
1451 2506 1667 2544 Parmeno:

207 2562 456 2602 crebeirime
478 2574 615 2604 tamen
635 2575 706 2602 aut
738 2578 791 2602 ex
813 2563 865 2600 iis
897 2560 1121 2627 gentibus,
1155 2560 1267 2597 unde
1293 2575 1518 2614 mangones
1543 2561 1611 2597 ad
1603 2574 1668 2598 e-

206 2616 378 2668 hebant‚
413 2629 459 2658 ut
485 2623 641 2670 Ίῆναγ,
675 2622 806 2675 Syrus,
837 2619 996 2666 Datus,
1034 2615 1200 2666 Carion,
1237 2616 1357 2669 Geta,
1380 2619 1541 2671 Phryx,
1576 2616 1669 2666 Ιγ4

207 2673 301 2714 dus:
332 2674 469 2724 Λυδὸς
500 2674 521 2719 ὁ
546 2679 807 2732 ΦερεκΛέυυς,
837 2675 985 2727 Lydus
1009 2673 1220 2712 Phereclis
1250 2688 1390 2714 servus
1427 2671 1538 2711 anud
1567 2674 1667 2712 An-

207 2728 340 2770 docid.
368 2732 416 2771 de
435 2735 615 2785 My.ster
640 2749 679 2788 p.
704 2741 741 2778 3
768 2748 804 2775 ν,
826 2738 891 2776 23
915 2742 986 2769 aut
1010 2731 1113 2768 talia
1135 2732 1533 2779 cerreindebantm,
1559 2742 1667 2782 quae

206 2797 337 2839 Penes
370 2803 438 2831 aas
468 2805 614 2844 gentes
653 2806 732 2845 pto
762 2787 1006 2830 nominibus
1046 2786 1233 2840 propriis
1264 2787 1494 2841 plurimum
1523 2793 1665 2826 essent
