1778 3194
190 225 291 272 316
546 232 1294 267 ΑΒΝοτΑΤῙοΝΕε

191 335 319 376 etiam
343 333 538 374 Arelaeus
565 331 600 370 I.
621 346 661 384 p.
689 337 754 376 33.
790 331 916 386 Quod
945 332 980 371 51
1013 335 1223 386 legeretur
1253 332 1296 370 in
1327 332 1534 384 Luciano,
1560 329 1657 376 ἄλλ’

192 389 337 435 ὁπόσοι
359 386 490 431 αυτών
510 394 558 446 τῇ
575 386 670 429 Ρὲα
686 390 914 440 μαίνονται,
949 388 993 426 id
1023 389 1212 428 omnium
1246 389 1420 429 minime
1452 401 1660 428 mutatum

190 451 366 487 vellem:
404 432 573 485 videtur
596 446 705 483 enim
736 455 819 483 tam
853 445 1062 483 concinne
1083 445 1131 484 ad
1161 455 1293 484 totam
1325 447 1556 485 orationem
1585 460 1661 483 1-6-

191 502 414 571 spondere,
428 513 474 540 ut
498 502 620 541 aliter
641 501 770 540 fuisse
787 502 990 554 scriptum
1006 502 1080 540 vix
1101 501 1208 541 mihi
1232 501 1514 554 persuadeam
1539 505 1657 541 lnam

191 564 233 600 in
252 559 476 599 Adclcndis.
521 558 730 596 Substiti
723 573 765 596 in
793 561 988 612 vulgata,
1012 557 1063 597 ad
1088 573 1207 609 quam
1233 568 1273 597 et
1297 559 1384 611 ipse
1407 558 1660 599 Hemsterhu-

188 620 291 664 sius,
327 630 432 669 quae
454 615 626 653 maximi
649 630 673 652 v
679 615 731 652 iri
753 614 894 654 sobria
924 626 1011 653 erat
1040 614 1251 666 sapientia
1281 625 1320 653 et
1343 614 1538 653 amabilis
1564 627 1658 652 mo-

191 673 344 720 destia,
371 683 532 736 Upostea
545 672 604 709 ita
625 671 776 721 rediit,
809 681 857 709 ut
879 681 1016 710 tamen
1039 671 1088 709 ab
1114 671 1229 709 omni
1251 670 1534 710 haesitatione
1553 683 1660 708 non-

189 729 287 767 dum
313 729 475 767 animus
497 726 711 779 ejuslibet·
733 735 850 768 esset.
910 728 1121 781 Analogia
1140 727 1380 782 linguarum
1401 741 1486 766 non
1510 740 1662 779 repug-

188 795 262 824 nat
285 784 468 822 dictioni
488 782 766 847 λαιιβανεσθαί
783 801 859 826 τινι
876 789 971 840 θεῷ.
1033 783 1218 822 Latinos
1253 794 1364 823 certe
1387 792 1552 822 constat
1573 796 1660 820 cre-

184 841 262 880 bro
298 855 344 878 30
375 840 482 879 bene
507 839 571 877 uti
605 841 785 878 formula
815 854 889 879 sua
923 843 1012 894 capi
1039 857 1097 889 rc,
1141 849 1182 878 et
1212 843 1302 894 capi
1330 854 1520 894 persona:
1563 852 1661 876 nam

184 911 264 952 pro
290 897 513 945 Ablatin
546 910 685 949 neque
715 911 814 936 vero
844 912 919 949 pro
948 897 1136 944 Dativo,
1173 896 1313 935 haberi
1345 896 1473 935 velim
1495 913 1539 951 τῃ
1561 892 1660 950 Ρέᾳ.

186 955 242 994 ,Α
250 954 322 1008 qui
346 954 553 990 mirumne
575 952 657 1001 sit,
683 952 718 990 si
741 953 944 992 Lucianus
965 964 1131 1002 noster,
1152 954 1231 991 Ro·
1224 953 1355 990 manis
1376 966 1546 1005 quoque
1567 951 1663 991 lite-

186 1011 244 1049 ris
275 1024 358 1048 non
390 1023 534 1061 parum
578 1008 787 1057 imbutus,
832 1024 918 1048 non
961 1009 1173 1061 respuerit
1206 1008 1378 1048 dicendi
1408 1009 1658 1056 formulam,

185 1067 430 1106 Latinismo
460 1064 807 1114 convenientem,
848 1080 869 1103 a
902 1065 1145 1104 Graecismo
1190 1079 1289 1105 vero
1321 1079 1406 1102 non
1441 1061 1656 1102 alienam?

184 1124 255 1163 De
282 1120 532 1160 Latinismis
554 1130 692 1159 autem
713 1120 888 1161 Luciani
917 1123 1002 1159 alio
1029 1131 1216 1174 tempore
1246 1121 1417 1158 uberius
1447 1132 1661 1171 exponere

185 1183 340 1233 placet.
373 1178 465 1217 Jam
488 1191 587 1215 vero
609 1192 718 1216 neca
733 1177 917 1217 Graecae
939 1178 1111 1231 liuguae
1131 1176 1297 1231 legibus
1313 1186 1354 1215 et
1373 1190 1453 1214 usu
1468 1177 1657 1214 alienum

185 1233 568 1287 0556101113άνεσθαι
603 1238 707 1287 θεῶ,
741 1238 807 1272 vel
841 1248 891 1271 ex
917 1234 970 1271 iis
994 1236 1235 1272 luculenter
1265 1243 1406 1285 patet,
1443 1246 1548 1284 quae
1582 1244 1659 1269 no-

183 1291 355 1331 vissime
376 1290 687 1330 Hemsterlzusius
706 1289 943 1329 adnotavit
1001 1290 1108 1327 Nam
1129 1305 1254 1344 quum
1277 1288 1407 1341 probe
1433 1287 1597 1326 dicatur
1618 1295 1662 1325 et

185 1347 348 1387 dictum
379 1347 434 1386 sit
459 1343 588 1402 νόσςῦ,
600 1364 777 1413 πυρετῳ
811 1342 1114 1400 λαμβανεσθαι·
1160 1360 1287 1399 quum
1321 1347 1446 1383 etiam
1473 1344 1662 1384 Chariton

183 1403 294 1452 VII,
324 1410 363 1448 3.
398 1404 564 1457 ἐναντίῳ
588 1398 720 1456 ἆνέμω
743 1404 1022 1457 λαμβάνεσθαι
1050 1417 1134 1441 11011
1158 1417 1258 1444 sane
1280 1402 1538 1456 ineleganter
1558 1400 1660 1441 scri·

183 1460 341 1514 pserit,
377 1460 492 1511 (vid
516 1460 574 1497 ibi
597 1459 766 1502 Οον1ἱίἰ,
785 1466 800 1509 )
821 1475 950 1512 quum
974 1459 1157 1512 denique
1180 1459 1308 1499 etiam
1331 1472 1417 1495 vox
1438 1455 1661 1508 θεόληπτος

183 1517 285 1556 satis
312 1517 440 1555 fuerit
463 1516 618 1554 usitata
641 1526 682 1554 et
701 1519 768 1554 vel
790 1519 919 1570 vulgo
950 1525 1071 1555 nota.
1106 1529 1206 1552 num
1227 1517 1316 1566 jure
1349 1512 1656 1564 dubitabimus,

184 1573 289 1629 quin
310 1572 512 1611 [3101011115-
533 1573 660 1611 etiam
681 1572 759 1611 hac
786 1572 1007 1612 locutione
1028 1570 1092 1608 uti
1117 1569 1328 1621 potuerit.
1317 1568 1336 1596 Ρ
1365 1570 1489 1608 etiam
1513 1570 1554 1607 in
1575 1567 1659 1606 hoc

185 1637 394 1668 contextu
413 1628 477 1666 uti
499 1629 710 1680 potuerit,
743 1628 817 1667 ubi
846 1627 1054 1666 sententia
1079 1626 1193 1678 ipsa,
1229 1639 1350 1678 quam
1376 1625 1453 1663 hac
1474 1625 1658 1664 formula

183 1684 420 1737 exprimere
442 1687 560 1733 vult,
592 1693 755 1724 tanturn
780 1684 917 1732 abest,
952 1692 998 1720 ut
1020 1684 1078 1719 ita
1102 1682 1350 1720 obscuretur
1373 1685 1437 1721 vel
1463 1681 1658 1742 ambvgria

183 1740 407 1790 reddatur,
440 1750 488 1778 ut
514 1740 658 1792 potius
683 1741 912 1793 plurimum
938 1737 1037 1778 inde
1058 1738 1165 1776 lucis
1192 1748 1232 1776 et
1254 1737 1489 1790 elegantiae
1508 1738 1658 1776 traxis-

183 1811 228 1837 se
249 1772 474 1836 videatizr?
509 1797 689 1836 Substiti
709 1811 808 1850 ergo
831 1796 873 1833 in
896 1797 1090 1848 vuloata,
1123 1791 1252 1844 idque
1285 1807 1335 1831 eo
1367 1794 1658 1844 constantius,

185 1867 330 1907 quum,
356 1867 463 1905 quae
484 1853 660 1892 meliora
687 1853 851 1892 scilicet
868 1851 921 1890 V
911 1851 965 1889 111
972 1824 1106 1888 Udocti
1135 1848 1388 1889 substituere
1411 1853 1656 1901 voluerunt,

182 1924 238 1948 ne
262 1908 435 1948 meliora
457 1908 628 1961 quidem
652 1923 762 1957 esse,
797 1908 882 1947 imo
914 1907 1042 1947 etiam
1069 1906 1223 1959 partim
1252 1905 1536 1956 peculiaribus
1559 1905 1659 1960 qui-

183 1965 361 2003 busdam
392 1965 512 2003 vitiis
541 1964 734 2004 laborare
766 1964 945 2004 videam.
1006 1962 1072 2002 Ne
1108 1961 1456 2002 Hemsterhusiana
1485 1964 1658 2015 quidem

186 2021 364 2062 omnino
398 2021 608 2074 excipiam
645 2019 728 2063 ὑπὸ
759 2026 831 2073 τῆς
857 2018 976 2068 Ρέας
1002 2022 1115 2073 λαμβ.
1156 2028 1196 2057 et
1236 2036 1281 2075 τη
1297 2015 1392 2059 Ρέα
1430 2021 1654 2072 μαίνονται.

184 2077 461 2120 Abresclziana
500 2092 600 2116 vero
634 2078 678 2115 in
717 2078 891 2118 Dilucc.
925 2076 1063 2116 Thuc.
1098 2090 1138 2128 p.
1168 2078 1263 2118 452.
1294 2062 1556 2128 λελώβηνται,
1588 2078 1658 2117 vel

183 2139 414 2187 λωβῶνται,
449 2137 513 2174 vel
532 2136 741 2185 τέμνονται
760 2134 829 2188 (ex
854 2133 905 2172 de
929 2134 1024 2171 Dea
1045 2131 1139 2183 Syr
1163 2145 1197 2173 c
1224 2135 1285 2174 15.
1303 2149 1315 2177 3
1348 2131 1500 2170 adde1e
1526 2131 1654 2170 etiam

184 2191 398 2245 potuisset
419 2190 553 2230 Diall.
581 2192 711 2231 Deor.
737 2190 837 2238 XM,
863 2194 921 2237 1)
944 2203 1006 2231 ea.
1033 2187 1216 2226 brevite1
1235 2186 1386 2233 dicam,
1408 2187 1658 2226 Abreschia·

184 2262 241 2286 na
265 2257 388 2295 sunt,
422 2261 508 2285 non
543 2247 783 2295 Lucianea‚
816 2246 859 2286 h.
877 2260 913 2287 6.
936 2258 1023 2283 non
1055 2243 1146 2281 sine
1179 2242 1355 2296 ingenio
1382 2245 1654 2298 excogitata,

185 2314 228 2342 at
249 2303 339 2343 sine
360 2302 525 2356 judicio
545 2302 877 2342 accommodata.
937 2302 994 2338 Et
1017 2297 1130 2352 quod
1152 2299 1330 2351 Langius
1353 2298 1540 2353 denique
1563 2304 1657 2340 vult

183 2362 229 2402 ἐκ
248 2365 316 2413 τῆς
332 2358 450 2408 Ῥέας
472 2356 746 2414 λαμβάνονται
774 2357 826 2396 ad
846 2356 1012 2397 Aeliani
1036 2356 1084 2393 V.
1109 2355 1162 2394 H.
1188 2356 1270 2405 111,
1291 2359 1327 2397 9.
1357 2357 1658 2410 κατειλημμένοι

185 2426 229 2457 et
249 2417 570 2472 περιειλημμένοι
589 2416 632 2457 ἐκ
655 2419 727 2456 τοῦ
748 2420 849 2456 θεοῦ
875 2426 1111 2467 provocans
1129 2443 1139 2461 ‚
1173 2426 1247 2463 eo,
1290 2415 1578 2466 qualecunque
1608 2412 1655 2451 in

186 2486 231 2511 56
249 2473 329 2523 sit,
363 2477 444 2527 jam
465 2472 596 2511 careri
618 2486 741 2535 posse
764 2484 927 2512 censeo
962 2470 1134 2518 Restat,
1168 2477 1216 2505 ut
1238 2482 1415 2508 errorem
1440 2468 1652 2526 castigem,

186 2528 231 2567 in
257 2543 404 2582 quem,
438 2528 524 2566 nisi
556 2528 723 2583 egregie
754 2528 902 2576 fallor,
945 2524 1257 2563 Hcmsterlzusius
1290 2524 1447 2562 inscius
1480 2523 1656 2576 illapsus

187 2593 273 2634 est,
321 2599 530 2638 quemque
565 2595 607 2624 et
650 2599 673 2624 a
700 2584 926 2637 Biponlinis
954 2580 1214 2631 editoribus,
1256 2589 1298 2619 et
1325 2594 1346 2618 a
1379 2580 1654 2632 Schmiedctffo

187 2651 470 2708 propagatum
486 2641 628 2680 video.
691 2640 863 2679 Scilicet
886 2653 970 2676 non
995 2637 1138 2690 potuit
1158 2640 1265 2676 velle
1293 2636 1357 2673 vir
1374 2650 1574 2691 magnus,
1607 2647 1659 2676 ut

191 2695 339 2739 οὗτοι
380 2698 429 2741 δὲ
469 2707 700 2736 mutaretur
734 2697 776 2734 in
816 2694 927 2737 οὗτοι
956 2693 1030 2746 δη,
1075 2707 1326 2748 quamquam
1355 2706 1450 2732 vere
1474 2693 1535 2731 510
1565 2694 1656 2746 ipse

190 2752 374 2808 scripsit.
431 2753 540 2794 Nam
563 2754 625 2795 sic
644 2753 872 2795 manifesto
905 2760 1049 2792 textus
1080 2758 1426 2805 corrumperetur.
1483 2747 1566 2791 Sed
1585 2762 1654 2789 co-
