1778 3194
179 376 185 385 .
212 363 269 396 4⁰·

178 648 185 657 .
211 632 269 664 41·

227 896 255 936 09

283 232 349 279 28
764 245 1171 279 LUCIANI

398 345 572 384 ΛΟΥΚ.
604 339 740 393 Δόξαν
761 336 834 386 οὖν
855 361 924 397 μοι
954 342 1020 386 διὰ
1042 347 1195 387 πολλοῦ
1211 352 1438 400 προςειπεῖν
1465 352 1664 403 Νιγρῖνον

283 408 354 452 τὸν
376 409 643 452 Πλατωνικὸν
666 408 897 464 φιλόσοφον
911 445 922 464 ,
953 412 1081 454 ἕωθεν
1111 413 1328 463 ἐξαναστὰς
1350 412 1404 464 ὥς
1425 412 1549 459 αὐτὸν
1571 414 1664 470 ἄφι-

282 477 427 532 κόμην,
448 480 514 521 καὶ
534 476 669 531 κόψας
689 478 763 532 τὴν
783 478 929 534 θύραν,
952 486 1023 522 τοῦ
1044 480 1187 531 παιδὸς
1207 485 1529 538 εἰςαγγείλαντος,
1556 483 1666 538 ἐκλή-

282 552 390 599 θην·
421 548 488 588 καὶ
515 546 729 602 παρελθών
759 550 872 600 εἴσω,
902 547 1195 605 καταλαμβάνω
1223 548 1294 592 τὸν
1324 552 1394 604 μὲν
1417 553 1459 593 ἐν
1479 554 1586 606 χερσὶ
1606 557 1666 607 βι-

285 617 399 670 βλίον
418 616 580 669 ἔχοντα,
611 614 761 665 πολλὰς
782 617 822 658 ὁὲ
852 614 1010 667 εἰκόνας
1027 623 1206 660 παλαιῶν
1227 623 1369 672 σοφῶν
1389 614 1439 670 k)
1471 621 1514 663 ἔν
1531 619 1666 676 κύκλῳ

280 685 479 738 κειμένας.
529 683 745 740 προῦκειτο
776 687 817 729 δὲ
850 688 892 729 ἐν
920 688 1023 743 μέσῳ
1055 689 1123 729 καὶ
1149 684 1340 728 πινάκιόν
1359 704 1395 728 τι
1411 683 1452 741 1)
1482 693 1561 730 τῶν
1586 684 1666 730 cim}

281 754 522 808 γεωμετρίας
551 753 761 808 σχημάτων
787 755 1213 811 [καταγεγραμμένον]
1230 789 1240 806 ,
1270 756 1339 797 καὶ
1367 761 1520 810 σφαῖρα
1540 754 1668 797 καλά.-Δ

282 838 360 874 μου
380 823 432 870 ¹³¹)
466 820 569 876 πρὸς
589 820 727 865 τὸτοῦ
763 822 913 873 παντὸς
942 827 1117 878 μίμημα,
1150 822 1205 874 ὥς
1223 821 1374 875 ἐδόκει,
1402 825 1664 877 πεποιημένη.

293 889 466 943 Σφόδρα
484 885 558 932 οὖν
580 908 627 944 με
650 889 911 948 φιλοφρόνως
934 888 1230 947 εἷσπασάμενος,
1249 888 1397 947 ἠρώτα,
1418 891 1454 944 ὅ,
1475 910 1512 934 τι
1529 894 1598 934 καὶ
1617 893 1667 948 ¹¹)

281 955 505 1012 πράττοιμι.
546 956 657 1015 κᾶγώ
677 978 807 1002 παντα
838 958 1092 1016 διηγησάμην
1117 958 1247 1003 αὐτῶ·
1291 964 1359 1003 καὶ
1380 964 1480 1014 δῆτα
1498 963 1540 1002 ἐν
1560 963 1669 1015 μέρει

279 1028 350 1070 καὶ
370 1023 490 1075 αὐτὸς
507 1024 654 1079 ἠξίουν
675 1030 840 1079 εἰδέναι,
873 1047 908 1079 ο,
939 1046 976 1070 τι
991 1046 1032 1071 τε
1052 1027 1240 1083 πράττοι,
1271 1030 1339 1070 καὶ
1359 1031 1394 1071 εἰ
1412 1031 1536 1078 αὖθις
1557 1025 1669 1071 αὗτῶ

278 1096 535 1152 ἐγνωσμένον
548 1097 607 1148 εἴη
631 1097 858 1138 στέλλεσθαι
877 1114 953 1150 την
976 1098 1040 1139 ἐπὶ
1058 1102 1129 1149 τῆς
1146 1093 1352 1146 Ελλάδος.
1383 1093 1405 1139 ὅ
1427 1098 1469 1140 δὲ
1489 1095 1669 1153 dnae-{302-

279 1181 399 1220 μενος
418 1165 486 1215 ⁰),
509 1157 540 1204 ὦ
563 1164 701 1219 ἑταῖρε,
714 1166 804 1219 περὶ
827 1164 983 1206 τούτων
1000 1167 1020 1191 ¹³
1035 1166 1050 1216 )
1067 1166 1206 1220 λέγειν,
1229 1166 1296 1206 καὶ
1314 1162 1387 1218 τὴν
1406 1165 1551 1207 ἑαυτοῦ
1566 1163 1668 1221 γνώ-

278 1251 360 1287 μην
381 1237 626 1289 διηγεῖσθαι,
658 1231 858 1285 τοςαύτην
877 1230 965 1274 τινά
993 1250 1071 1286 μου
1093 1229 1221 1288 λόγων
1241 1230 1464 1287 ἀμβροσίαν
1489 1235 1669 1276 κατεσκέ-

280 1305 422 1354 δασεν,
454 1300 549 1350 ὥςτε
569 1302 638 1343 καὶ
656 1299 727 1350 aig
749 1305 953 1357 Σειρῆνας
972 1303 1148 1350 ἐκείνας,
1182 1302 1221 1344 εἶ’
1244 1317 1347 1350 τινες
1370 1298 1451 1357 ἄρα
1471 1303 1667 1359 ἐγένοντο,

325 1415 369 1456 k)
399 1416 585 1460 σοφῶν]
612 1413 834 1460 φιλοσόφων
867 1428 979 1460 supra
1000 1428 1072 1454 scr.
1101 1418 1140 1451 in
1160 1415 1253 1459 Aug.

372 1465 510 1495 Ile-mm
536 1462 641 1495 Infra
657 1475 930 1507 κατίιγεγρτ·μμε
926 1461 1008 1496 ’νων
1029 1465 1124 1505 conj.
1147 1463 1186 1494 Je:
1177 1475 1239 1493 ns·-

785 1511 843 1551 m)
868 1523 924 1543 κ(
935 1507 1118 1553 λοιμον]
1144 1504 1320 1541 Καλάνου
1341 1508 1381 1542 Ρ.
1408 1521 1432 1551 η
1459 1505 1532 1544 ἀπὸ
1554 1507 1670 1543 καλά-

371 1521 500 1552 κατα,
492 1520 546 1552 γρ
552 1521 645 1552 αμμε
638 1507 726 1543 -’.νον

370 1567 445 1609 μου
463 1565 576 1608 supra
595 1556 722 1598 script.
744 1555 780 1587 in
802 1555 884 1590 cod.
905 1565 1006 1598 2954..

372 1597 741 1644 ἀπαρξάμενος]
777 1597 875 1643 α’παξ
909 1599 1115 1645 ἄρξαμενος

375 1647 466 1682 Crit.
492 1647 574 1682 Vol.
595 1648 663 1679 ΙΠ.
684 1648 725 1682 P.
749 1658 780 1680 2.
803 1659 837 1691 p.
860 1659 916 1692 37
947 1659 1028 1680 non
1047 1649 1185 1692 placet.

1323 1414 1357 1459 1)
1383 1417 1449 1461 τι]
1475 1427 1548 1451 τισι
1569 1419 1667 1459 conj.

1265 1461 1491 1518 Suspectum
1513 1463 1667 1496 omnino

1073 1557 1121 1598 n)
1149 1553 1248 1595 καὶ]
1278 1553 1381 1586 abest
1400 1555 1446 1588 ab
1470 1557 1564 1599 Aug.
1569 1602 1611 1634 B·
1605 1555 1668 1634 ἸρΙ)

1602 1614 1611 1634 1
1658 1625 1667 1635 ο

1256 1646 1303 1689 p)
1330 1647 1438 1691 περὶ
1460 1645 1668 1691 τούτων]

1155 1600 1253 1640 conj.
1287 1601 1347 1642 IPJ
1353 1606 1422 1632 tien
1428 1602 1528 1634 bach.

369 1692 432 1728 καὶ
453 1692 537 1737 περὶ
551 1691 695 1728 τούτων
716 1692 825 1726 codd.
846 1703 949 1738 2954
971 1701 1010 1728 et
1029 1696 1122 1738 Aug.

276 1802 406 1851 novi,
451 1801 637 1856 ideoque
667 1803 793 1842 etiam
825 1814 942 1857 opta-

277 1859 390 1906 bam,
408 1868 459 1898 ut
479 1859 525 1897 in
545 1858 705 1897 bonum
727 1870 853 1913 atque
873 1874 943 1914 pe-

276 1915 407 1955 ritum
429 1916 616 1967 aliquem
636 1915 860 1956 incideres.

334 1973 442 2012 Lac.
477 1971 586 2010 Cum
616 1970 751 2026 igitur
773 1973 943 2011 statuis-

277 2043 376 2078 sem,
420 2027 652 2081 Nigrinum
692 2041 865 2082 quoque
896 2031 947 2069 il-

275 2088 364 2125 lum
424 2083 696 2123 Platonicum
751 2085 945 2139 philoso-

276 2141 424 2195 phum,
436 2151 484 2179 ut
499 2154 623 2194 quem
637 2144 770 2195 longo
783 2151 945 2195 tempo-

275 2198 333 2236 ris
367 2197 593 2236 intervallo
627 2209 717 2235 non
739 2197 942 2245 videram,

277 2255 551 2307 compellare,
599 2267 721 2292 mane
747 2268 944 2308 surgens,

277 2308 329 2348 ad
359 2311 497 2362 ipsum
534 2307 664 2358 adeo,
706 2317 748 2348 et
775 2313 944 2362 pulsata

275 2368 418 2419 janua,
432 2380 526 2403 cum
549 2379 656 2418 puer
676 2364 790 2404 intro
806 2365 856 2405 de
877 2381 943 2406 me

274 2422 576 2471 renuntiasset,
595 2420 816 2460 arcessitus
836 2436 940 2460 sum.

278 2475 783 2531 Ingressus‚deprehendo
802 2478 942 2531 ipsum

277 2533 451 2586 quidem
482 2533 680 2572 manibus
704 2533 857 2574 librum
877 2543 944 2574 te-

276 2599 461 2639 nentem,
488 2589 648 2628 circum
663 2599 801 2629 autem
816 2590 944 2629 undi-

280 2658 362 2697 que
385 2649 539 2684 multas
567 2655 757 2686 veterum
778 2647 943 2700 sapien-

279 2710 369 2738 tum
391 2701 782 2756 imaginespositas.
797 2704 848 2742 In
861 2718 943 2742 me-

281 2755 354 2795 dio
377 2766 517 2796 autem
537 2768 625 2797 erat
645 2758 770 2798 etiam
790 2759 942 2799 tabella

283 2811 502 2868 quaedam,
531 2813 577 2853 in
601 2829 684 2870 qua
707 2815 941 2859 Geometri-

1002 1816 1075 1843 cae
1097 1802 1300 1857 quaedam
1332 1803 1492 1859 figurae
1513 1803 1669 1844 descri-

1001 1869 1100 1912 ptae
1123 1869 1257 1908 etant,
1282 1874 1329 1898 ac
1349 1860 1524 1913 sphaera
1544 1876 1670 1900 arun-

1002 1915 1144 1965 (linea,
1178 1915 1231 1954 ad
1263 1916 1550 1957 imitationem
1571 1919 1671 1956 uni-

1002 1973 1128 2020 versi,
1144 1982 1194 2011 ut
1205 1971 1445 2020 videbatur,
1460 1975 1670 2028 composi-

1003 2038 1060 2067 ta.
1122 2029 1426 2068 Amantissime
1447 2030 1584 2084 igitur
1603 2047 1670 2072 me

1005 2088 1267 2138 amplexatus
1282 2085 1367 2133 ine,
1384 2085 1671 2141 interrogavit

1004 2140 1056 2180 de
1068 2142 1192 2180 rebus
1204 2156 1320 2181 meis
1351 2140 1518 2193 Quibus
1532 2143 1667 2182 omni·

1002 2197 1081 2235 bus
1097 2197 1160 2235 illi
1179 2196 1401 2260 expositi8‚
1418 2207 1459 2236 et
1472 2212 1550 2252 ego
1564 2212 1669 2252 quo-

1005 2267 1087 2306 que
1112 2253 1300 2292 vicissim
1320 2267 1373 2291 cx
1393 2267 1442 2291 eo
1457 2256 1666 2307 quaesivi,

1002 2319 1045 2349 et
1063 2307 1196 2362 quid
1188 2323 1278 2361 ipse
1303 2319 1458 2363 ageret,
1483 2319 1525 2349 et
1546 2325 1669 2351 num-

1004 2365 1109 2418 quid
1145 2364 1257 2418 apud
1297 2379 1339 2403 se
1375 2367 1593 2407 statuisset
1620 2368 1668 2407 in

1004 2422 1224 2460 Graeciam
1265 2420 1407 2460 denuo
1449 2425 1664 2477 navigare.

1002 2477 1070 2516 Ibi
1091 2492 1191 2517 vero
1205 2477 1291 2526 ille,
1325 2492 1350 2516 ο
1371 2478 1518 2525 amice,
1549 2490 1667 2533 post-

1002 2548 1177 2587 eaquam
1190 2534 1397 2587 coepisset
1416 2533 1466 2574 de
1479 2534 1594 2574 hisce
1606 2550 1667 2576 re,

1000 2589 1077 2628 bus
1092 2590 1246 2638 dicere,
1278 2604 1481 2643 suamque
1500 2601 1668 2632 senten·

1000 2647 1104 2686 tiam
1129 2647 1359 2700 explicare,
1390 2656 1552 2686 tantam
1575 2663 1667 2688 ver-

1000 2702 1149 2742 borum
1173 2703 1421 2743 ambrosiam
1432 2704 1540 2742 mihi
1563 2704 1669 2743 affu-

1002 2758 1081 2806 dit,
1113 2770 1162 2800 ut
1175 2759 1416 2813 mihiplane
1434 2760 1600 2800 Sirenes
1612 2761 1668 2799 il·-

1000 2818 1075 2864 las,
1089 2817 1125 2857 si
1146 2831 1252 2872 quae
1272 2830 1459 2871 unquam
1472 2817 1663 2867 fuerunt,
