1778 3194
202 186 302 235 312
557 196 1305 231 AnNoTArroNEs

203 295 386 344 irhibet,
401 294 476 333 ubi
496 295 607 334 inter
626 297 814 350 plurium
832 311 970 336 rerum
990 306 1032 336 et
1050 296 1203 335 artium
1225 298 1533 351 inventionem,
1546 299 1674 356 quam
1712 293 1715 296 ⁴

205 351 433 391 Curetibus
465 351 646 403 tribuit,
680 352 818 393 addit:
851 351 899 394 τὰ
930 353 1019 407 περὶ
1037 356 1193 402 τοξείαν
1214 356 1280 396 καὶ
1298 353 1368 405 τὰς
1389 362 1580 413 κυνηγίας
1599 362 1673 408 εἰς·

202 406 444 463 ηγήσασθαι.
502 408 614 448 Nam
643 411 751 448 ultra
779 408 894 463 quod
923 410 1056 448 solius
1076 410 1247 450 Diodori
1267 413 1496 452 auctoritas
1524 424 1675 455 contra
1708 416 1710 418 ’

207 465 397 504 omnium
419 465 691 519 antiquorum
711 466 875 506 turbam
897 477 937 505 et
961 481 1212 505 consensum
1239 468 1346 507 mihi
1366 483 1510 522 pamm
1532 474 1675 511 valere

203 520 397 570 videtur,
429 532 619 562 recantat
641 522 730 575 ipse
751 522 970 573 Diodorus,
1004 532 1045 562 et
1067 534 1214 562 contra
1235 538 1278 563 se
1303 525 1440 577 ipsum
1461 534 1671 581 pugnans,

205 578 267 618 ait
288 592 340 616 ex
364 577 631 618 Cretensium
655 578 890 618 traditione
912 579 1158 632 Apollinem
1188 581 1233 618 in
1252 580 1376 620 Creta
1409 591 1580 634 natum,
1613 580 1676 625 εὖ-

204 633 324 687 ρετήν
340 638 413 676 τοῦ
430 633 548 684 τόξου
567 635 784 690 γενόμενον
803 635 961 684 διδάξαι
980 634 1077 683 τούς
1098 637 1311 690 ἐγχωρίους
1329 635 1378 678 τά
1407 639 1497 693 περὶ
1515 636 1588 692 τὴν
1609 656 1678 682 το-

202 693 328 740 ξείαν.
387 690 446 730 At
466 701 576 731 certe
594 692 630 730 si
651 692 807 745 Apollo
827 692 987 744 primus
1018 692 1103 731 fuit
1124 708 1243 732 arcus
1265 704 1307 732 et
1334 694 1580 748 sagittarum
1600 695 1676 733 in-

202 754 386 796 ventor‚'
415 757 457 787 et
478 750 568 801 ejus
587 763 707 787 usum
731 747 879 787 docuit
900 748 1144 799 Cretenses,
1178 764 1265 788 non
1289 761 1377 791 erat
1406 761 1532 790 notus
1553 766 1676 791 arcus

204 802 459 853 Curetibus,
492 803 566 857 qui
587 814 685 843 ante
706 804 951 857 Apollinem
973 814 1115 843 natum
1140 815 1181 845 et
1205 806 1300 859 ipso
1322 807 1430 846 Jove
1455 807 1674 861 antiquio-

201 873 268 898 res
291 860 336 896 in
360 859 485 898 Creta
510 859 771 900 habitabant.
831 861 934 902 Jure
956 859 1092 914 igitur
1111 862 1286 901 Luciam]
1304 863 1432 902 lectio
1461 863 1545 903 hoc
1573 867 1673 904 loco

202 915 314 954 mihi
335 926 527 968 suspecta
554 925 617 955 est
637 915 802 964 mendi,
823 926 864 956 et
888 915 1061 969 Κρήτων
1082 932 1232 957 censeo
1257 917 1407 958 debere
1426 919 1523 974 legi.
1564 921 1677 960 Nam

200 971 428 1020 Lucinam,
463 971 536 1024 qui
558 971 608 1010 de
627 973 880 1024 Scytharum
899 973 965 1011 sui
984 975 1188 1025 temporis
1209 989 1324 1013 more
1345 975 1559 1029 loquitur,
1585 990 1676 1016 non

201 1028 311 1066 mihi
328 1027 545 1066 videretur
565 1026 674 1067 bene
696 1027 749 1066 iis
773 1029 1022 1080 opposuisse
1044 1044 1196 1070 novem
1218 1030 1411 1070 homines
1432 1047 1454 1070 e
1474 1032 1676 1072 fabuloso

199 1087 369 1133 seculo,
393 1093 435 1123 et
455 1083 564 1122 ratio
587 1087 702 1132 vult,
728 1093 773 1122 nt
796 1083 968 1123 nationi
990 1086 1207 1124 nationem
1231 1097 1424 1140 opponat
1446 1097 1488 1127 et
1507 1102 1678 1142 compa-

199 1149 280 1179 ret.
340 1141 457 1194 Ergo
481 1143 578 1193 lego
605 1139 893 1188 confidenter,
931 1149 998 1187 et,
1029 1141 1065 1179 si
1086 1141 1192 1179 mihi
1216 1142 1375 1193 credis,
1407 1146 1544 1197 leges,
1575 1151 1677 1185 καθ.

200 1193 307 1250 άπερ
334 1195 384 1237 τὰ
415 1195 600 1248 Κρὴτων.
669 1195 750 1235 Sed
779 1206 821 1236 et
851 1195 1044 1251 Micyllus
1073 1197 1200 1236 etiam
1230 1197 1433 1237 hocloco
1467 1200 1681 1253 castigan-

200 1251 302 1300 dus,
336 1252 413 1308 qui
439 1250 526 1308 ὀπῷ
553 1253 856 1306 interpretatur
878 1255 1031 1304 κείναις
1063 1267 1280 1306 nunquam
1300 1254 1414 1294 enim
1440 1255 1591 1308 legisse
1614 1270 1680 1296 me

198 1308 403 1357 memini,
444 1309 627 1348 resinam
661 1309 807 1348 utilem
838 1309 970 1348 fuisse
1007 1309 1059 1347 ad
1094 1310 1342 1363 sagittarum
1383 1311 1678 1360 infectionem,

201 1375 279 1404 aut
298 1362 401 1408 ὀπὸν
421 1365 578 1404 dictam
600 1365 782 1404 resinam
807 1362 896 1406 κατ’
910 1364 1071 1418 ἐξοχὴν,
1106 1367 1176 1404 cui
1200 1381 1354 1406 nomen
1376 1367 1595 1420 proprium
1616 1378 1682 1409 est

200 1423 368 1474 ῥητίνη·
408 1437 487 1476 pro
520 1421 691 1475 Silphio
723 1431 834 1461 certe
874 1421 927 1460 ob
964 1425 1135 1476 plantae
1171 1424 1465 1462 excellentiam
1495 1425 1680 1464 sumitur

203 1476 371 1529 6wdg,et
389 1492 466 1531 pro
490 1478 716 1531 papaveris
737 1492 866 1516 succo
892 1477 943 1516 ob
966 1479 1052 1516 vim
1074 1478 1396 1526 medicamenti3
1419 1479 1534 1519 unde
1557 1480 1680 1523 ὅπιον

199 1533 463 1575 diminutive
487 1535 661 1575 dicitur.
693 1535 821 1574 Verte
843 1548 942 1588 ergo
963 1534 1168 1573 herbarum
1187 1551 1328 1575 succo:
1361 1536 1544 1588 opponit
1564 1538 1677 1576 enim

201 1587 306 1632 ι’,πόν
338 1605 510 1629 succum
537 1590 761 1629 herbarum
801 1594 856 1647 τῷ
887 1592 935 1646 ἰῷ
954 1605 1140 1638 veneno,
1182 1592 1299 1644 quod
1329 1606 1381 1630 ex
1411 1593 1678 1645 serpentibus

199 1644 376 1701 ἰοβόλοις
397 1647 631 1701 colligitur,
659 1660 840 1699 quorum
864 1649 982 1685 ferax
1006 1656 1067 1685 est
1091 1646 1231 1696 Creta,
1253 1655 1293 1685 et
1315 1646 1463 1701 indiga
1483 1648 1674 1701 Scythia,

201 1703 322 1757 regio
341 1702 512 1758 frigida,
543 1703 695 1741 PALM.
758 1701 1009 1754 Scytharum
1040 1702 1156 1741 hunc
1187 1717 1343 1741 morem
1371 1704 1537 1755 saepius
1564 1706 1678 1759 a‘pud

205 1759 394 1799 Ovidium
425 1759 470 1797 in
503 1759 661 1799 exsilio
694 1758 914 1798 memorari
943 1758 1110 1810 videas,
1146 1759 1222 1813 qui
1248 1758 1336 1798 sibi
1355 1759 1515 1801 Romae
1549 1759 1600 1800 de
1627 1776 1679 1802 eo

203 1829 294 1856 non
324 1815 440 1867 satis1
453 1814 568 1856 credi
589 1814 882 1870 conqueritur.
928 1814 1096 1855 Soram.

317 1905 422 1946 Εαᾶ.
444 1909 471 1949 l.
494 1911 536 1950 9.
557 1902 688 1963 Ὀπῷ)
712 1904 894 1957 Quodam
911 1908 1090 1960 stirpium
1107 1922 1238 1947 succe.
1257 1906 1401 1949 Bnon.
1434 1904 1532 1960 Quo
1546 1923 1678 1958 succo,

202 1972 322 2003 certo
345 1962 484 2002 dicere
503 1977 593 2002 non
618 1978 813 2016 possum3
840 1976 978 2015 neque
998 1962 1113 2001 unde
1133 1963 1216 2002 hoc
1238 1963 1414 2013 habeat,
1437 1963 1545 2002 mihi
1568 1966 1680 2003 com·

202 2029 373 2073 pertum
405 2029 479 2061 est.
542 2021 664 2059 Malo
697 2029 837 2060 tamen
860 2021 991 2075 opium
1014 2028 1200 2070 vertere,
1236 2033 1384 2074 quam,
1419 2029 1467 2059 ut
1488 2030 1586 2062 ante
1613 2034 1680 2062 me

205 2075 360 2126 fiebat,
395 2079 572 2116 resinam.
625 2077 794 2117 SOLAN.

323 2154 427 2195 Ibid.
461 2153 716 2207 Κουρήτων)
746 2156 909 2206 Mitto,
944 2169 1051 2209 quae
1079 2154 1130 2194 de
1152 2153 1379 2194 Curetibus
1412 2165 1557 2195 contra
1579 2157 1681 2195 Dio-

205 2211 346 2251 Horum
370 2211 560 2266 disputat
582 2212 823 2253 Palma-ius.-
854 2212 904 2251 de
927 2212 1009 2250 hoc
1042 2220 1152 2250 certe
1170 2213 1266 2249 loco
1298 2209 1406 2250 bene
1434 2212 1589 2252 meruit
1615 2227 1678 2252 re-

206 2269 371 2306 stitutis
397 2268 698 2316 Cretensibus,
730 2269 803 2323 qui
834 2269 925 2307 sine
955 2267 1085 2306 dubio
1115 2267 1263 2305 melius
1295 2266 1346 2305 ad
1369 2268 1547 2320 Scythas
1578 2282 1679 2322 qua-

207 2324 356 2375 drant,
388 2339 513 2379 quam
534 2325 725 2364 Curetes.
787 2325 860 2363 Illi
885 2324 1131 2378 sagittarum
1165 2332 1252 2361 arte
1277 2337 1364 2362 non
1388 2334 1574 2376 tantum,
1605 2324 1680 2364 sed

209 2381 303 2434 ipsa
330 2381 586 2420 inventione
618 2380 798 2420 nobiles.
831 2395 854 2419 a
884 2390 1035 2418 natura
1057 2379 1268 2433 regionis,
1302 2394 1427 2434 quam
1459 2380 1674 2430 incolunt,

208 2437 419 2476 rationem
440 2438 549 2491 petit
572 2438 686 2477 Plato
705 2436 755 2477 de
774 2437 868 2478 LL.
888 2437 920 2477 Ϊ.
944 2450 985 2489 p.
1001 2439 1095 2480 769.
1120 2436 1169 2476 E.
1191 2449 1314 2488 quem
1333 2436 1516 2476 Julianus
1534 2436 1679 2489 sequi-

210 2503 281 2532 tur
313 2495 388 2535 Or.
419 2494 519 2534 VII.
549 2509 591 2548 p.
622 2497 719 2538 205.
744 2495 804 2534 D.
839 2492 934 2532 Vid.
961 2491 1036 2532 Sil.
1060 2491 1154 2532 Ital.
1186 2492 1245 2541 ΙΙ,
1276 2496 1344 2537 96.
1375 2493 1457 2532 alia
1486 2492 1604 2530 dabit
1637 2491 1676 2533 J.

209 2550 364 2591 Elem-s.
388 2551 433 2588 in
454 2550 569 2591 Cret.
592 2566 632 2604 p.
656 2556 749 2595 178.
811 2549 990 2589 Obstare
1021 2558 1160 2586 tamen
1193 2547 1384 2598 videtur,
1417 2548 1533 2602 quod
1552 2562 1679 2588 vene-

211 2615 312 2644 nata
325 2607 591 2647 Cretensium
613 2608 776 2661 spicula
793 2608 881 2647 fere
900 2619 1108 2658 nusquam
1131 2604 1432 2645 memorentur:
1464 2604 1564 2659 quin
1589 2604 1678 2645 imo

212 2664 284 2701 vel
315 2663 433 2701 Iovis
466 2663 528 2702 ibi
555 2665 668 2714 nati,
703 2668 793 2712 vel,
825 2671 873 2701 ut
906 2662 979 2700 alii
1013 2660 1211 2712 tradunt,
1242 2661 1440 2700 Herculis
1467 2660 1677 2700 beneficio

211 2717 395 2759 letiferis
416 2729 459 2760 et
477 2718 616 2761 herbis
638 2730 681 2762 et
702 2719 850 2763 bestiis
873 2719 998 2760 Creta
1015 2718 1167 2760 caruit.
1226 2718 1442 2773 Excerpta
1461 2717 1680 2768 Theodoti:
