<?xml version="1.0" encoding="UTF-8"?>
<!DOCTYPE html PUBLIC "-//W3C//DTD XHTML 1.0 Transitional//EN"
    "http://www.w3.org/TR/xhtml1/DTD/xhtml1-transitional.dtd">
<html xmlns="http://www.w3.org/1999/xhtml" xml:lang="en" lang="en">
 <head>
  <title>
</title>
<meta http-equiv="Content-Type" content="text/html;charset=utf-8" />
  <meta name='ocr-system' content='tesseract 3.04.00' />
  <meta name='ocr-capabilities' content='ocr_page ocr_carea ocr_par ocr_line ocrx_word'/>
</head>
<body>
  <div class='ocr_page' id='page_1' title='image "./operagraecaetlat01luciuoft_0723.png"; bbox 0 0 1778 3194; ppageno 0'>
   <div class='ocr_carea' id='block_1_1' title="bbox 300 248 1525 295">
    <p class='ocr_par' dir='ltr' id='par_1_1' title="bbox 300 248 1525 295">
     <span class='ocr_line' id='line_1_1' title="bbox 300 248 1525 295; baseline 0 -1"><span class='ocrx_word' id='word_1_1' title='bbox 300 258 1268 295; x_wconf 66' lang='lat' dir='ltr'>NOTAE1NT1M0NEM.</span> <span class='ocrx_word' id='word_1_2' title='bbox 1429 248 1525 294; x_wconf 80' lang='lat'>541</span> 
     </span>
    </p>
   </div>
   <div class='ocr_carea' id='block_1_2' title="bbox 26 354 1536 2781">
    <p class='ocr_par' dir='ltr' id='par_1_2' title="bbox 61 354 1532 472">
     <span class='ocr_line' id='line_1_2' title="bbox 177 354 1532 414; baseline -0.004 -14"><span class='ocrx_word' id='word_1_3' title='bbox 177 359 287 402; x_wconf 70' lang='grc' dir='ltr'><strong>Εαᾶ.</strong></span> <span class='ocrx_word' id='word_1_4' title='bbox 317 362 347 401; x_wconf 93' lang='grc'>1.</span> <span class='ocrx_word' id='word_1_5' title='bbox 381 364 420 404; x_wconf 95' lang='grc'><strong>4.</strong></span> <span class='ocrx_word' id='word_1_6' title='bbox 445 354 769 414; x_wconf 77' lang='grc' dir='ltr'>Ἐπικουρῆσόιι)</span> <span class='ocrx_word' id='word_1_7' title='bbox 797 355 850 400; x_wconf 87' lang='lat' dir='ltr'>In</span> <span class='ocrx_word' id='word_1_8' title='bbox 873 356 1532 414; x_wconf 64' lang='lat' dir='ltr'>Cod‚Erasmi1egebaturgm9„</span> 
     </span>
     <span class='ocr_line' id='line_1_3' title="bbox 61 416 779 485; baseline -0.006 -26"><span class='ocrx_word' id='word_1_9' title='bbox 61 419 199 472; x_wconf 78' lang='grc' dir='ltr'><strong><em>κῆσαι,</em></strong></span> <span class='ocrx_word' id='word_1_10' title='bbox 232 418 362 457; x_wconf 82' lang='lat' dir='ltr'>vertit</span> <span class='ocrx_word' id='word_1_11' title='bbox 382 416 494 456; x_wconf 86' lang='lat' dir='ltr'>enim</span> <span class='ocrx_word' id='word_1_12' title='bbox 517 416 779 485; x_wconf 74' lang='lat' dir='ltr'><strong><em>suppeditare.</em></strong></span> 
     </span>
    </p>

    <p class='ocr_par' dir='ltr' id='par_1_3' title="bbox 170 468 885 526">
     <span class='ocr_line' id='line_1_4' title="bbox 170 468 885 526; baseline 0 -12"><span class='ocrx_word' id='word_1_13' title='bbox 170 474 275 514; x_wconf 80' lang='lat' dir='ltr'><strong><em>Eacl.</em></strong></span> <span class='ocrx_word' id='word_1_14' title='bbox 308 476 335 512; x_wconf 90' lang='lat' dir='ltr'>l.</span> <span class='ocrx_word' id='word_1_15' title='bbox 366 478 407 518; x_wconf 90' lang='lat'>5.</span> <span class='ocrx_word' id='word_1_16' title='bbox 435 468 601 524; x_wconf 75' lang='grc' dir='ltr'>Ἐθῶν)</span> <span class='ocrx_word' id='word_1_17' title='bbox 632 474 720 513; x_wconf 88' lang='lat' dir='ltr'>Ms.</span> <span class='ocrx_word' id='word_1_18' title='bbox 750 469 885 526; x_wconf 83' lang='grc' dir='ltr'><strong>ἠθων.</strong></span> 
     </span>
    </p>

    <p class='ocr_par' dir='ltr' id='par_1_4' title="bbox 26 524 1532 641">
     <span class='ocr_line' id='line_1_5' title="bbox 171 524 1532 585; baseline -0.003 -16"><span class='ocrx_word' id='word_1_19' title='bbox 171 530 277 570; x_wconf 79' lang='lat' dir='ltr'><strong><em>Ibid.</em></strong></span> <span class='ocrx_word' id='word_1_20' title='bbox 314 526 518 585; x_wconf 74' lang='grc' dir='ltr'><em>Μονήοης</em></span> <span class='ocrx_word' id='word_1_21' title='bbox 541 531 688 579; x_wconf 77' lang='grc' dir='ltr'>δίαιτα)</span> <span class='ocrx_word' id='word_1_22' title='bbox 721 529 844 568; x_wconf 84' lang='lat' dir='ltr'>Hanc</span> <span class='ocrx_word' id='word_1_23' title='bbox 871 528 1004 568; x_wconf 84' lang='lat' dir='ltr'>vitam</span> <span class='ocrx_word' id='word_1_24' title='bbox 1032 528 1108 582; x_wconf 89' lang='lat' dir='ltr'>qui</span> <span class='ocrx_word' id='word_1_25' title='bbox 1139 524 1369 580; x_wconf 71' lang='lat' dir='ltr'>viveBant‚</span> <span class='ocrx_word' id='word_1_26' title='bbox 1402 528 1434 568; x_wconf 93' lang='lat' dir='ltr'>ii</span> <span class='ocrx_word' id='word_1_27' title='bbox 1458 546 1532 583; x_wconf 55' lang='lat'>1⁴⁰-</span> 
     </span>
     <span class='ocr_line' id='line_1_6' title="bbox 26 585 1383 641; baseline -0.002 -12"><span class='ocrx_word' id='word_1_28' title='bbox 26 609 28 613; x_wconf 51' lang='lat'>*</span> <span class='ocrx_word' id='word_1_29' title='bbox 62 585 199 641; x_wconf 71' lang='grc' dir='ltr'>’νήρεις</span> <span class='ocrx_word' id='word_1_30' title='bbox 221 598 263 628; x_wconf 89' lang='lat' dir='ltr'>et</span> <span class='ocrx_word' id='word_1_31' title='bbox 285 588 455 629; x_wconf 78' lang='grc' dir='ltr'><em>ἰδιασταὶ</em></span> <span class='ocrx_word' id='word_1_32' title='bbox 479 585 741 626; x_wconf 84' lang='lat' dir='ltr'><strong>dicebantur.</strong></span> <span class='ocrx_word' id='word_1_33' title='bbox 772 586 938 638; x_wconf 81' lang='lat' dir='ltr'><em>Diogen.</em></span> <span class='ocrx_word' id='word_1_34' title='bbox 960 585 1098 626; x_wconf 39' lang='lat' dir='ltr'>Lakssrt</span> <span class='ocrx_word' id='word_1_35' title='bbox 1123 586 1167 624; x_wconf 89' lang='lat' dir='ltr'>in</span> <span class='ocrx_word' id='word_1_36' title='bbox 1190 585 1383 626; x_wconf 81' lang='lat' dir='ltr'><strong>Thalete.</strong></span> 
     </span>
    </p>

    <p class='ocr_par' dir='ltr' id='par_1_5' title="bbox 58 638 1533 809">
     <span class='ocr_line' id='line_1_7' title="bbox 173 638 1529 697; baseline 0.001 -14"><span class='ocrx_word' id='word_1_37' title='bbox 173 643 338 684; x_wconf 76' lang='lat' dir='ltr'>Ead.1.</span> <span class='ocrx_word' id='word_1_38' title='bbox 374 649 438 687; x_wconf 88' lang='grc'>16.</span> <span class='ocrx_word' id='word_1_39' title='bbox 476 640 709 697; x_wconf 77' lang='grc' dir='ltr'>Εὕωχεὶτω)</span> <span class='ocrx_word' id='word_1_40' title='bbox 740 641 982 696; x_wconf 83' lang='lat' dir='ltr'>Legendum</span> <span class='ocrx_word' id='word_1_41' title='bbox 1001 659 1121 695; x_wconf 73' lang='grc' dir='ltr'><em>ε-υωχε</em></span> <span class='ocrx_word' id='word_1_42' title='bbox 1107 645 1242 683; x_wconf 64' lang='grc' dir='ltr'><strong>είσθω.</strong></span> <span class='ocrx_word' id='word_1_43' title='bbox 1292 638 1529 685; x_wconf 68' lang='lat' dir='ltr'>anammim-</span> 
     </span>
     <span class='ocr_line' id='line_1_8' title="bbox 58 697 1533 755; baseline -0.003 -13"><span class='ocrx_word' id='word_1_44' title='bbox 58 700 134 753; x_wconf 80' lang='grc' dir='ltr'>χέω</span> <span class='ocrx_word' id='word_1_45' title='bbox 162 699 380 755; x_wconf 81' lang='lat' dir='ltr'>significat</span> <span class='ocrx_word' id='word_1_46' title='bbox 399 699 571 754; x_wconf 80' lang='lat' dir='ltr'><em>aliquem</em></span> <span class='ocrx_word' id='word_1_47' title='bbox 593 701 770 739; x_wconf 81' lang='lat' dir='ltr'>convivio</span> <span class='ocrx_word' id='word_1_48' title='bbox 793 703 980 754; x_wconf 84' lang='lat' dir='ltr'>accipere,</span> <span class='ocrx_word' id='word_1_49' title='bbox 1013 697 1256 753; x_wconf 75' lang='grc' dir='ltr'><em>εὐωχεῖσθαι</em></span> <span class='ocrx_word' id='word_1_50' title='bbox 1276 709 1417 739; x_wconf 84' lang='lat' dir='ltr'>autem</span> <span class='ocrx_word' id='word_1_51' title='bbox 1438 716 1533 753; x_wconf 79' lang='lat' dir='ltr'>epu-</span> 
     </span>
     <span class='ocr_line' id='line_1_9' title="bbox 61 755 608 809; baseline -0.004 -13"><span class='ocrx_word' id='word_1_52' title='bbox 61 755 154 798; x_wconf 83' lang='lat' dir='ltr'>lari.</span> <span class='ocrx_word' id='word_1_53' title='bbox 188 771 303 796; x_wconf 85' lang='lat' dir='ltr'>error</span> <span class='ocrx_word' id='word_1_54' title='bbox 323 756 608 824; x_wconf 71' lang='lat' dir='ltr'>turpissimus.</span> 
     </span>
    </p>

    <p class='ocr_par' dir='ltr' id='par_1_6' title="bbox 57 807 1534 1206">
     <span class='ocr_line' id='line_1_10' title="bbox 170 807 1530 868; baseline -0.001 -15"><span class='ocrx_word' id='word_1_55' title='bbox 170 813 267 868; x_wconf 74' lang='lat' dir='ltr'>Pag.</span> <span class='ocrx_word' id='word_1_56' title='bbox 302 818 396 856; x_wconf 89' lang='lat'>101</span> <span class='ocrx_word' id='word_1_57' title='bbox 426 816 457 853; x_wconf 90' lang='lat' dir='ltr'>l.</span> <span class='ocrx_word' id='word_1_58' title='bbox 491 817 528 856; x_wconf 90' lang='lat'>1.</span> <span class='ocrx_word' id='word_1_59' title='bbox 566 807 767 855; x_wconf 77' lang='grc' dir='ltr'><strong><em>Ἐκσείων</em></strong></span> <span class='ocrx_word' id='word_1_60' title='bbox 786 828 864 853; x_wconf 85' lang='grc' dir='ltr'>των</span> <span class='ocrx_word' id='word_1_61' title='bbox 884 810 1048 863; x_wconf 67' lang='grc' dir='ltr'><strong>ἄλλων)</strong></span> <span class='ocrx_word' id='word_1_62' title='bbox 1089 812 1174 853; x_wconf 85' lang='lat' dir='ltr'>Hic</span> <span class='ocrx_word' id='word_1_63' title='bbox 1192 827 1293 852; x_wconf 88' lang='lat' dir='ltr'>vero</span> <span class='ocrx_word' id='word_1_64' title='bbox 1313 815 1430 851; x_wconf 88' lang='lat' dir='ltr'>locus</span> <span class='ocrx_word' id='word_1_65' title='bbox 1453 821 1530 863; x_wconf 75' lang='lat' dir='ltr'>est,</span> 
     </span>
     <span class='ocr_line' id='line_1_11' title="bbox 59 869 1533 923; baseline -0.001 -15"><span class='ocrx_word' id='word_1_66' title='bbox 59 869 137 923; x_wconf 86' lang='lat' dir='ltr'>qui</span> <span class='ocrx_word' id='word_1_67' title='bbox 156 883 235 918; x_wconf 85' lang='lat' dir='ltr'>me,</span> <span class='ocrx_word' id='word_1_68' title='bbox 267 870 304 908; x_wconf 88' lang='lat' dir='ltr'>si</span> <span class='ocrx_word' id='word_1_69' title='bbox 328 869 550 923; x_wconf 86' lang='lat' dir='ltr'>quisquam</span> <span class='ocrx_word' id='word_1_70' title='bbox 572 869 694 916; x_wconf 79' lang='lat' dir='ltr'>alius,</span> <span class='ocrx_word' id='word_1_71' title='bbox 726 869 876 916; x_wconf 85' lang='lat' dir='ltr'>torsit3</span> <span class='ocrx_word' id='word_1_72' title='bbox 909 882 1061 923; x_wconf 80' lang='lat' dir='ltr'>neque,</span> <span class='ocrx_word' id='word_1_73' title='bbox 1093 878 1142 907; x_wconf 89' lang='lat' dir='ltr'>ut</span> <span class='ocrx_word' id='word_1_74' title='bbox 1167 870 1337 921; x_wconf 87' lang='lat' dir='ltr'>opinor,</span> <span class='ocrx_word' id='word_1_75' title='bbox 1359 869 1533 920; x_wconf 79' lang='lat' dir='ltr'>injuria.</span> 
     </span>
     <span class='ocr_line' id='line_1_12' title="bbox 57 923 1534 978; baseline 0.002 -13"><span class='ocrx_word' id='word_1_76' title='bbox 57 926 161 965; x_wconf 90' lang='lat' dir='ltr'>Non</span> <span class='ocrx_word' id='word_1_77' title='bbox 185 926 299 965; x_wconf 89' lang='lat' dir='ltr'>enim</span> <span class='ocrx_word' id='word_1_78' title='bbox 321 927 499 965; x_wconf 80' lang='lat' dir='ltr'>Graece</span> <span class='ocrx_word' id='word_1_79' title='bbox 513 923 599 963; x_wconf 86' lang='lat' dir='ltr'>dici</span> <span class='ocrx_word' id='word_1_80' title='bbox 620 933 765 978; x_wconf 87' lang='lat' dir='ltr'>potest</span> <span class='ocrx_word' id='word_1_81' title='bbox 795 927 916 967; x_wconf 75' lang='grc' dir='ltr'><em>ἒκσείε</em></span> <span class='ocrx_word' id='word_1_82' title='bbox 919 943 957 966; x_wconf 92' lang='grc' dir='ltr'>ιν</span> <span class='ocrx_word' id='word_1_83' title='bbox 976 925 1107 978; x_wconf 80' lang='grc' dir='ltr'><em>τινὸς,</em></span> <span class='ocrx_word' id='word_1_84' title='bbox 1139 925 1212 965; x_wconf 80' lang='lat' dir='ltr'>sed</span> <span class='ocrx_word' id='word_1_85' title='bbox 1232 924 1339 967; x_wconf 75' lang='grc' dir='ltr'><em>τινά·</em></span> <span class='ocrx_word' id='word_1_86' title='bbox 1385 925 1534 978; x_wconf 75' lang='lat' dir='ltr'>itaque</span> 
     </span>
     <span class='ocr_line' id='line_1_13' title="bbox 58 980 1534 1036; baseline -0.004 -11"><span class='ocrx_word' id='word_1_87' title='bbox 58 995 137 1036; x_wconf 80' lang='lat' dir='ltr'>Pro</span> <span class='ocrx_word' id='word_1_88' title='bbox 162 983 326 1025; x_wconf 75' lang='grc' dir='ltr'><strong><em>ἐκσείων</em></strong></span> <span class='ocrx_word' id='word_1_89' title='bbox 343 998 423 1024; x_wconf 86' lang='grc' dir='ltr'>των</span> <span class='ocrx_word' id='word_1_90' title='bbox 435 980 574 1031; x_wconf 68' lang='grc' dir='ltr'><em>ἄλλων,</em></span> <span class='ocrx_word' id='word_1_91' title='bbox 606 981 713 1020; x_wconf 85' lang='lat' dir='ltr'>mihi</span> <span class='ocrx_word' id='word_1_92' title='bbox 735 982 960 1022; x_wconf 83' lang='lat' dir='ltr'>vehemens</span> <span class='ocrx_word' id='word_1_93' title='bbox 987 983 1180 1036; x_wconf 85' lang='lat' dir='ltr'>suspicio</span> <span class='ocrx_word' id='word_1_94' title='bbox 1214 991 1279 1021; x_wconf 86' lang='lat' dir='ltr'>est</span> <span class='ocrx_word' id='word_1_95' title='bbox 1305 980 1534 1036; x_wconf 83' lang='lat' dir='ltr'>legendum</span> 
     </span>
     <span class='ocr_line' id='line_1_14' title="bbox 58 1035 1533 1092; baseline -0.003 -12"><span class='ocrx_word' id='word_1_96' title='bbox 58 1037 155 1086; x_wconf 76' lang='grc' dir='ltr'><em>ἑκὰς</em></span> <span class='ocrx_word' id='word_1_97' title='bbox 179 1037 235 1080; x_wconf 66' lang='lat' dir='ltr'>aiv</span> <span class='ocrx_word' id='word_1_98' title='bbox 252 1043 332 1080; x_wconf 78' lang='grc' dir='ltr'>τῶν</span> <span class='ocrx_word' id='word_1_99' title='bbox 353 1035 506 1088; x_wconf 69' lang='grc' dir='ltr'><em>ἄλλων,</em></span> <span class='ocrx_word' id='word_1_100' title='bbox 541 1037 656 1092; x_wconf 78' lang='lat' dir='ltr'>longe</span> <span class='ocrx_word' id='word_1_101' title='bbox 677 1039 727 1077; x_wconf 81' lang='lat' dir='ltr'>ab</span> <span class='ocrx_word' id='word_1_102' title='bbox 761 1038 865 1089; x_wconf 79' lang='lat' dir='ltr'><em>aliis,</em></span> <span class='ocrx_word' id='word_1_103' title='bbox 898 1041 966 1078; x_wconf 91' lang='lat' dir='ltr'>vel</span> <span class='ocrx_word' id='word_1_104' title='bbox 987 1039 1037 1078; x_wconf 77' lang='lat' dir='ltr'>ab</span> <span class='ocrx_word' id='word_1_105' title='bbox 1058 1039 1150 1078; x_wconf 77' lang='lat' dir='ltr'><em>aliis</em></span> <span class='ocrx_word' id='word_1_106' title='bbox 1187 1049 1367 1078; x_wconf 80' lang='lat' dir='ltr'>remotus.</span> <span class='ocrx_word' id='word_1_107' title='bbox 1427 1038 1533 1076; x_wconf 84' lang='lat' dir='ltr'>Non</span> 
     </span>
     <span class='ocr_line' id='line_1_15' title="bbox 57 1094 1533 1150; baseline -0.001 -17"><span class='ocrx_word' id='word_1_108' title='bbox 57 1099 215 1149; x_wconf 79' lang='lat' dir='ltr'>poetae</span> <span class='ocrx_word' id='word_1_109' title='bbox 233 1103 412 1145; x_wconf 82' lang='lat' dir='ltr'>tantum,</span> <span class='ocrx_word' id='word_1_110' title='bbox 445 1094 517 1135; x_wconf 87' lang='lat' dir='ltr'>sed</span> <span class='ocrx_word' id='word_1_111' title='bbox 541 1105 585 1133; x_wconf 91' lang='lat' dir='ltr'>et</span> <span class='ocrx_word' id='word_1_112' title='bbox 606 1094 866 1150; x_wconf 75' lang='lat' dir='ltr'><strong><em>Thucydides,</em></strong></span> <span class='ocrx_word' id='word_1_113' title='bbox 901 1105 944 1134; x_wconf 82' lang='lat' dir='ltr'>et</span> <span class='ocrx_word' id='word_1_114' title='bbox 967 1095 1211 1144; x_wconf 63' lang='lat' dir='ltr'>Herodotus,</span> <span class='ocrx_word' id='word_1_115' title='bbox 1246 1095 1306 1133; x_wconf 82' lang='lat' dir='ltr'>ita</span> <span class='ocrx_word' id='word_1_116' title='bbox 1325 1094 1406 1133; x_wconf 87' lang='lat' dir='ltr'>hac</span> <span class='ocrx_word' id='word_1_117' title='bbox 1425 1107 1533 1134; x_wconf 81' lang='lat' dir='ltr'>voce</span> 
     </span>
     <span class='ocr_line' id='line_1_16' title="bbox 58 1150 1443 1206; baseline 0.001 -17"><span class='ocrx_word' id='word_1_118' title='bbox 58 1161 252 1194; x_wconf 82' lang='lat' dir='ltr'>utuntur,</span> <span class='ocrx_word' id='word_1_119' title='bbox 313 1151 363 1193; x_wconf 83' lang='lat' dir='ltr'>Si</span> <span class='ocrx_word' id='word_1_120' title='bbox 388 1151 492 1206; x_wconf 86' lang='lat' dir='ltr'>quid</span> <span class='ocrx_word' id='word_1_121' title='bbox 512 1150 640 1190; x_wconf 74' lang='lat' dir='ltr'>habes</span> <span class='ocrx_word' id='word_1_122' title='bbox 660 1152 826 1199; x_wconf 84' lang='lat' dir='ltr'>melius,</span> <span class='ocrx_word' id='word_1_123' title='bbox 857 1152 1031 1202; x_wconf 89' lang='lat' dir='ltr'>Lector,</span> <span class='ocrx_word' id='word_1_124' title='bbox 1059 1151 1178 1203; x_wconf 82' lang='lat' dir='ltr'>doce,</span> <span class='ocrx_word' id='word_1_125' title='bbox 1210 1161 1253 1192; x_wconf 87' lang='lat' dir='ltr'>et</span> <span class='ocrx_word' id='word_1_126' title='bbox 1273 1151 1443 1190; x_wconf 84' lang='lat' dir='ltr'>favebo.</span> 
     </span>
    </p>

    <p class='ocr_par' dir='ltr' id='par_1_7' title="bbox 57 1208 1535 1375">
     <span class='ocr_line' id='line_1_17' title="bbox 168 1208 1534 1260; baseline -0.003 -13"><span class='ocrx_word' id='word_1_127' title='bbox 168 1208 262 1247; x_wconf 75' lang='lat' dir='ltr'>Ead</span> <span class='ocrx_word' id='word_1_128' title='bbox 288 1211 317 1249; x_wconf 90' lang='lat'>1.</span> <span class='ocrx_word' id='word_1_129' title='bbox 349 1214 388 1253; x_wconf 80' lang='lat'>3.</span> <span class='ocrx_word' id='word_1_130' title='bbox 423 1208 656 1260; x_wconf 84' lang='grc' dir='ltr'>Στέφανον)</span> <span class='ocrx_word' id='word_1_131' title='bbox 685 1208 856 1248; x_wconf 84' lang='lat' dir='ltr'>Mortui</span> <span class='ocrx_word' id='word_1_132' title='bbox 879 1208 992 1248; x_wconf 87' lang='lat' dir='ltr'>enim</span> <span class='ocrx_word' id='word_1_133' title='bbox 1018 1208 1062 1246; x_wconf 90' lang='lat' dir='ltr'>in</span> <span class='ocrx_word' id='word_1_134' title='bbox 1086 1208 1266 1248; x_wconf 83' lang='lat' dir='ltr'>Graecia</span> <span class='ocrx_word' id='word_1_135' title='bbox 1287 1208 1389 1247; x_wconf 88' lang='lat' dir='ltr'>olim</span> <span class='ocrx_word' id='word_1_136' title='bbox 1412 1221 1534 1246; x_wconf 87' lang='lat' dir='ltr'>coro-</span> 
     </span>
     <span class='ocr_line' id='line_1_18' title="bbox 57 1263 1535 1319; baseline 0.001 -17"><span class='ocrx_word' id='word_1_137' title='bbox 57 1263 164 1305; x_wconf 79' lang='lat' dir='ltr'>nati.</span> <span class='ocrx_word' id='word_1_138' title='bbox 197 1265 444 1305; x_wconf 84' lang='lat' dir='ltr'>testimonia</span> <span class='ocrx_word' id='word_1_139' title='bbox 463 1264 632 1319; x_wconf 83' lang='lat' dir='ltr'>passim.</span> <span class='ocrx_word' id='word_1_140' title='bbox 692 1264 847 1319; x_wconf 84' lang='lat' dir='ltr'>Neque</span> <span class='ocrx_word' id='word_1_141' title='bbox 873 1274 1038 1304; x_wconf 81' lang='lat' dir='ltr'>tantum</span> <span class='ocrx_word' id='word_1_142' title='bbox 1058 1272 1275 1316; x_wconf 84' lang='lat' dir='ltr'>mortuos,</span> <span class='ocrx_word' id='word_1_143' title='bbox 1307 1263 1380 1305; x_wconf 77' lang='lat' dir='ltr'>sed</span> <span class='ocrx_word' id='word_1_144' title='bbox 1401 1273 1443 1304; x_wconf 82' lang='lat' dir='ltr'>et</span> <span class='ocrx_word' id='word_1_145' title='bbox 1462 1278 1535 1304; x_wconf 75' lang='lat' dir='ltr'>se-</span> 
     </span>
     <span class='ocr_line' id='line_1_19' title="bbox 57 1321 912 1375; baseline 0.002 -16"><span class='ocrx_word' id='word_1_146' title='bbox 57 1323 207 1374; x_wconf 85' lang='lat' dir='ltr'>pulcra</span> <span class='ocrx_word' id='word_1_147' title='bbox 228 1332 271 1361; x_wconf 88' lang='lat' dir='ltr'>et</span> <span class='ocrx_word' id='word_1_148' title='bbox 293 1322 445 1375; x_wconf 79' lang='lat' dir='ltr'>cippos</span> <span class='ocrx_word' id='word_1_149' title='bbox 474 1334 677 1361; x_wconf 80' lang='lat' dir='ltr'>coronare</span> <span class='ocrx_word' id='word_1_150' title='bbox 695 1335 786 1361; x_wconf 86' lang='lat' dir='ltr'>mos</span> <span class='ocrx_word' id='word_1_151' title='bbox 813 1321 912 1361; x_wconf 80' lang='lat' dir='ltr'>fuit.</span> 
     </span>
    </p>

    <p class='ocr_par' dir='ltr' id='par_1_8' title="bbox 53 1377 1534 1711">
     <span class='ocr_line' id='line_1_20' title="bbox 169 1377 1534 1431; baseline -0.002 -14"><span class='ocrx_word' id='word_1_152' title='bbox 169 1377 271 1418; x_wconf 78' lang='lat' dir='ltr'>Ead.</span> <span class='ocrx_word' id='word_1_153' title='bbox 304 1381 334 1418; x_wconf 91' lang='lat'>1.</span> <span class='ocrx_word' id='word_1_154' title='bbox 366 1382 405 1422; x_wconf 87' lang='grc'>4.</span> <span class='ocrx_word' id='word_1_155' title='bbox 437 1382 612 1426; x_wconf 79' lang='grc' dir='ltr'><strong><em>Δυςκο7ι</em></strong></span> <span class='ocrx_word' id='word_1_156' title='bbox 602 1380 665 1429; x_wconf 81' lang='grc' dir='ltr'>ἀ)</span> <span class='ocrx_word' id='word_1_157' title='bbox 693 1377 886 1417; x_wconf 84' lang='lat' dir='ltr'>Emenda</span> <span class='ocrx_word' id='word_1_158' title='bbox 911 1377 1116 1419; x_wconf 78' lang='lat' dir='ltr'>Pollucem</span> <span class='ocrx_word' id='word_1_159' title='bbox 1135 1377 1207 1420; x_wconf 90' lang='lat' dir='ltr'>lib</span> <span class='ocrx_word' id='word_1_160' title='bbox 1232 1377 1267 1417; x_wconf 94' lang='grc' dir='ltr'>Ι.</span> <span class='ocrx_word' id='word_1_161' title='bbox 1288 1391 1378 1431; x_wconf 86' lang='lat' dir='ltr'>cap.</span> <span class='ocrx_word' id='word_1_162' title='bbox 1407 1382 1446 1420; x_wconf 80' lang='lat'>2.</span> <span class='ocrx_word' id='word_1_163' title='bbox 1464 1392 1534 1420; x_wconf 79' lang='grc' dir='ltr'><strong>πε.</strong></span> 
     </span>
     <span class='ocr_line' id='line_1_21' title="bbox 58 1432 1532 1488; baseline 0 -13"><span class='ocrx_word' id='word_1_164' title='bbox 58 1435 98 1487; x_wconf 79' lang='grc' dir='ltr'>ρὶ</span> <span class='ocrx_word' id='word_1_165' title='bbox 124 1433 342 1486; x_wconf 70' lang='grc' dir='ltr'><strong>τυράννου.</strong></span> <span class='ocrx_word' id='word_1_166' title='bbox 412 1433 500 1474; x_wconf 80' lang='lat' dir='ltr'>Ubi</span> <span class='ocrx_word' id='word_1_167' title='bbox 532 1434 646 1473; x_wconf 87' lang='lat' dir='ltr'>enim</span> <span class='ocrx_word' id='word_1_168' title='bbox 676 1434 859 1488; x_wconf 84' lang='lat' dir='ltr'>legitur,</span> <span class='ocrx_word' id='word_1_169' title='bbox 901 1433 1098 1488; x_wconf 77' lang='grc' dir='ltr'><strong><em>τύραννος</em></strong></span> <span class='ocrx_word' id='word_1_170' title='bbox 1127 1432 1313 1484; x_wconf 85' lang='grc' dir='ltr'><em>ανόσιος,</em></span> <span class='ocrx_word' id='word_1_171' title='bbox 1353 1432 1532 1485; x_wconf 71' lang='grc' dir='ltr'><em>εὔκολος,</em></span> 
     </span>
     <span class='ocr_line' id='line_1_22' title="bbox 55 1487 1533 1545; baseline -0.002 -16"><span class='ocrx_word' id='word_1_172' title='bbox 55 1489 193 1544; x_wconf 74' lang='lat' dir='ltr'>palam</span> <span class='ocrx_word' id='word_1_173' title='bbox 217 1501 282 1532; x_wconf 87' lang='lat' dir='ltr'>est</span> <span class='ocrx_word' id='word_1_174' title='bbox 302 1491 392 1545; x_wconf 84' lang='lat' dir='ltr'>legi</span> <span class='ocrx_word' id='word_1_175' title='bbox 415 1490 566 1530; x_wconf 71' lang='lat' dir='ltr'>debele</span> <span class='ocrx_word' id='word_1_176' title='bbox 587 1487 815 1539; x_wconf 75' lang='grc' dir='ltr'><strong><em>δῦςκολος</em></strong></span> <span class='ocrx_word' id='word_1_177' title='bbox 856 1491 914 1528; x_wconf 87' lang='lat' dir='ltr'>Et</span> <span class='ocrx_word' id='word_1_178' title='bbox 933 1492 1078 1538; x_wconf 86' lang='lat' dir='ltr'>miror,</span> <span class='ocrx_word' id='word_1_179' title='bbox 1112 1501 1371 1544; x_wconf 85' lang='lat' dir='ltr'>postremum</span> <span class='ocrx_word' id='word_1_180' title='bbox 1395 1490 1533 1529; x_wconf 86' lang='lat' dir='ltr'>edito-</span> 
     </span>
     <span class='ocr_line' id='line_1_23' title="bbox 53 1546 1534 1614; baseline -0.001 -29"><span class='ocrx_word' id='word_1_181' title='bbox 53 1560 140 1585; x_wconf 85' lang='lat' dir='ltr'>rem</span> <span class='ocrx_word' id='word_1_182' title='bbox 154 1561 243 1586; x_wconf 85' lang='lat' dir='ltr'>non</span> <span class='ocrx_word' id='word_1_183' title='bbox 259 1546 432 1587; x_wconf 78' lang='lat' dir='ltr'>vidisse</span> <span class='ocrx_word' id='word_1_184' title='bbox 447 1546 658 1585; x_wconf 79' lang='lat' dir='ltr'>Emendes</span> <span class='ocrx_word' id='word_1_185' title='bbox 673 1561 847 1600; x_wconf 90' lang='lat' dir='ltr'>quoque</span> <span class='ocrx_word' id='word_1_186' title='bbox 868 1546 1211 1589; x_wconf 75' lang='lat' dir='ltr'>licetPhiZostrat.</span> <span class='ocrx_word' id='word_1_187' title='bbox 1225 1548 1279 1589; x_wconf 93' lang='lat' dir='ltr'>L</span> <span class='ocrx_word' id='word_1_188' title='bbox 1287 1547 1378 1585; x_wconf 79' lang='lat' dir='ltr'>III.</span> <span class='ocrx_word' id='word_1_189' title='bbox 1396 1547 1534 1614; x_wconf 87' lang='lat' dir='ltr'>Apol-</span> 
     </span>
     <span class='ocr_line' id='line_1_24' title="bbox 54 1599 1533 1671; baseline -0.002 -24"><span class='ocrx_word' id='word_1_190' title='bbox 54 1603 144 1642; x_wconf 84' lang='lat' dir='ltr'>lon.</span> <span class='ocrx_word' id='word_1_191' title='bbox 165 1617 198 1641; x_wconf 78' lang='lat'>0·</span> <span class='ocrx_word' id='word_1_192' title='bbox 222 1608 262 1647; x_wconf 84' lang='lat'>8.</span> <span class='ocrx_word' id='word_1_193' title='bbox 317 1602 427 1641; x_wconf 82' lang='lat' dir='ltr'>Nam</span> <span class='ocrx_word' id='word_1_194' title='bbox 453 1602 529 1640; x_wconf 89' lang='lat' dir='ltr'>ubi</span> <span class='ocrx_word' id='word_1_195' title='bbox 547 1602 707 1654; x_wconf 80' lang='lat' dir='ltr'>legitur</span> <span class='ocrx_word' id='word_1_196' title='bbox 726 1601 964 1671; x_wconf 80' lang='grc' dir='ltr'><em>φειδώμεθα</em></span> <span class='ocrx_word' id='word_1_197' title='bbox 982 1621 1062 1645; x_wconf 84' lang='grc' dir='ltr'>των</span> <span class='ocrx_word' id='word_1_198' title='bbox 1080 1620 1268 1657; x_wconf 76' lang='grc' dir='ltr'><em>ανοητων</em></span> <span class='ocrx_word' id='word_1_199' title='bbox 1278 1620 1319 1645; x_wconf 87' lang='grc' dir='ltr'>τε</span> <span class='ocrx_word' id='word_1_200' title='bbox 1336 1604 1403 1645; x_wconf 77' lang='grc' dir='ltr'>καὶ</span> <span class='ocrx_word' id='word_1_201' title='bbox 1418 1599 1533 1645; x_wconf 75' lang='grc' dir='ltr'><strong><em>εὐκό-</em></strong></span> 
     </span>
     <span class='ocr_line' id='line_1_25' title="bbox 58 1655 1289 1711; baseline 0.001 -12"><span class='ocrx_word' id='word_1_202' title='bbox 58 1662 153 1709; x_wconf 81' lang='grc' dir='ltr'><em>λων,</em></span> <span class='ocrx_word' id='word_1_203' title='bbox 180 1657 297 1698; x_wconf 87' lang='lat' dir='ltr'>haud</span> <span class='ocrx_word' id='word_1_204' title='bbox 320 1657 450 1697; x_wconf 79' lang='lat' dir='ltr'>dubie</span> <span class='ocrx_word' id='word_1_205' title='bbox 468 1655 741 1711; x_wconf 77' lang='lat' dir='ltr'>legendum&#39;</span> <span class='ocrx_word' id='word_1_206' title='bbox 716 1657 904 1711; x_wconf 78' lang='grc' dir='ltr'><em>ανοήτων</em></span> <span class='ocrx_word' id='word_1_207' title='bbox 924 1676 964 1701; x_wconf 85' lang='grc' dir='ltr'>τε</span> <span class='ocrx_word' id='word_1_208' title='bbox 983 1676 1051 1700; x_wconf 72' lang='grc' dir='ltr'>και</span> <span class='ocrx_word' id='word_1_209' title='bbox 1073 1658 1289 1708; x_wconf 79' lang='grc' dir='ltr'><strong>δυςκόλωι.</strong></span> 
     </span>
    </p>

    <p class='ocr_par' dir='ltr' id='par_1_9' title="bbox 51 1714 1536 1810">
     <span class='ocr_line' id='line_1_26' title="bbox 51 1714 1536 1769; baseline 0.001 -15"><span class='ocrx_word' id='word_1_210' title='bbox 51 1720 53 1722; x_wconf 81' lang='grc'><strong>’</strong></span> <span class='ocrx_word' id='word_1_211' title='bbox 170 1714 318 1754; x_wconf 69' lang='lat' dir='ltr'><strong><em>Eadl.</em></strong></span> <span class='ocrx_word' id='word_1_212' title='bbox 349 1719 391 1758; x_wconf 88' lang='grc'>7.</span> <span class='ocrx_word' id='word_1_213' title='bbox 422 1715 550 1766; x_wconf 78' lang='grc' dir='ltr'>Πίττῃ</span> <span class='ocrx_word' id='word_1_214' title='bbox 571 1714 637 1755; x_wconf 78' lang='grc' dir='ltr'>καὶ</span> <span class='ocrx_word' id='word_1_215' title='bbox 666 1715 812 1769; x_wconf 78' lang='grc' dir='ltr'>ἕλαίω)</span> <span class='ocrx_word' id='word_1_216' title='bbox 853 1715 952 1769; x_wconf 84' lang='lat' dir='ltr'>Quo</span> <span class='ocrx_word' id='word_1_217' title='bbox 989 1718 1128 1769; x_wconf 82' lang='lat' dir='ltr'>majus</span> <span class='ocrx_word' id='word_1_218' title='bbox 1172 1714 1421 1755; x_wconf 82' lang='lat' dir='ltr'>incendium</span> <span class='ocrx_word' id='word_1_219' title='bbox 1459 1715 1536 1755; x_wconf 79' lang='lat' dir='ltr'>fiat</span> 
     </span>
     <span class='ocr_line' id='line_1_27' title="bbox 55 1771 235 1810; baseline -0.006 0"><span class='ocrx_word' id='word_1_220' title='bbox 55 1771 235 1810; x_wconf 73' lang='lat' dir='ltr'>scilicet.</span> 
     </span>
    </p>

    <p class='ocr_par' dir='ltr' id='par_1_10' title="bbox 169 1825 1474 1893">
     <span class='ocr_line' id='line_1_28' title="bbox 169 1825 1474 1893; baseline 0.002 -27"><span class='ocrx_word' id='word_1_221' title='bbox 169 1826 261 1867; x_wconf 70' lang='lat' dir='ltr'>Ead</span> <span class='ocrx_word' id='word_1_222' title='bbox 288 1829 387 1870; x_wconf 85' lang='grc'><strong>1.9.</strong></span> <span class='ocrx_word' id='word_1_223' title='bbox 421 1825 687 1893; x_wconf 74' lang='grc' dir='ltr'>Βαπτιζοιτα)</span> <span class='ocrx_word' id='word_1_224' title='bbox 717 1827 870 1866; x_wconf 87' lang='lat' dir='ltr'>Male&#39;</span> <span class='ocrx_word' id='word_1_225' title='bbox 857 1841 902 1865; x_wconf 87' lang='lat' dir='ltr'><strong>m</strong></span> <span class='ocrx_word' id='word_1_226' title='bbox 923 1826 1045 1866; x_wconf 77' lang='lat' dir='ltr'>libiifl</span> <span class='ocrx_word' id='word_1_227' title='bbox 1071 1827 1250 1881; x_wconf 83' lang='lat' dir='ltr'>scriptis</span> <span class='ocrx_word' id='word_1_228' title='bbox 1263 1830 1474 1870; x_wconf 69' lang='grc' dir='ltr'><strong>πίπτοντος.</strong></span> 
     </span>
    </p>

    <p class='ocr_par' dir='ltr' id='par_1_11' title="bbox 54 1877 1536 2107">
     <span class='ocr_line' id='line_1_29' title="bbox 169 1877 1536 1938; baseline 0.002 -15"><span class='ocrx_word' id='word_1_229' title='bbox 169 1879 270 1923; x_wconf 66' lang='lat' dir='ltr'>Eud.</span> <span class='ocrx_word' id='word_1_230' title='bbox 302 1886 329 1923; x_wconf 90' lang='lat' dir='ltr'>l.</span> <span class='ocrx_word' id='word_1_231' title='bbox 364 1888 430 1926; x_wconf 91' lang='lat'>11.</span> <span class='ocrx_word' id='word_1_232' title='bbox 469 1885 602 1937; x_wconf 86' lang='grc' dir='ltr'><em>Τίμων</em></span> <span class='ocrx_word' id='word_1_233' title='bbox 618 1877 925 1936; x_wconf 76' lang='grc' dir='ltr'>Εχεκρατίδης)</span> <span class='ocrx_word' id='word_1_234' title='bbox 944 1882 1148 1923; x_wconf 82' lang='lat' dir='ltr'>Mendum</span> <span class='ocrx_word' id='word_1_235' title='bbox 1172 1893 1249 1923; x_wconf 88' lang='lat' dir='ltr'>est.</span> <span class='ocrx_word' id='word_1_236' title='bbox 1281 1887 1373 1938; x_wconf 82' lang='lat' dir='ltr'>lege</span> <span class='ocrx_word' id='word_1_237' title='bbox 1400 1887 1536 1938; x_wconf 75' lang='grc' dir='ltr'><em>Τίαων</em></span> 
     </span>
     <span class='ocr_line' id='line_1_30' title="bbox 54 1938 1534 1995; baseline -0.001 -13"><span class='ocrx_word' id='word_1_238' title='bbox 54 1938 352 1994; x_wconf 78' lang='grc' dir='ltr'><strong><em>Ἐχεκρατίδου,</em></strong></span> <span class='ocrx_word' id='word_1_239' title='bbox 387 1942 531 1979; x_wconf 85' lang='lat' dir='ltr'>Timon</span> <span class='ocrx_word' id='word_1_240' title='bbox 548 1938 832 1978; x_wconf 69' lang='lat' dir='ltr'>Echecratidae</span> <span class='ocrx_word' id='word_1_241' title='bbox 849 1939 981 1995; x_wconf 82' lang='lat' dir='ltr'>filius.</span> <span class='ocrx_word' id='word_1_242' title='bbox 1017 1939 1133 1993; x_wconf 85' lang='lat' dir='ltr'>quod</span> <span class='ocrx_word' id='word_1_243' title='bbox 1164 1949 1206 1978; x_wconf 85' lang='lat' dir='ltr'>et</span> <span class='ocrx_word' id='word_1_244' title='bbox 1232 1954 1358 1992; x_wconf 84' lang='lat' dir='ltr'>supra</span> <span class='ocrx_word' id='word_1_245' title='bbox 1394 1942 1534 1980; x_wconf 86' lang='lat' dir='ltr'>visum</span> 
     </span>
     <span class='ocr_line' id='line_1_31' title="bbox 58 1995 1535 2051; baseline -0.003 -13"><span class='ocrx_word' id='word_1_246' title='bbox 58 2008 138 2046; x_wconf 77' lang='lat' dir='ltr'>est,</span> <span class='ocrx_word' id='word_1_247' title='bbox 169 2007 211 2038; x_wconf 87' lang='lat' dir='ltr'>et</span> <span class='ocrx_word' id='word_1_248' title='bbox 232 1997 346 2036; x_wconf 89' lang='lat' dir='ltr'>infra</span> <span class='ocrx_word' id='word_1_249' title='bbox 360 2005 565 2037; x_wconf 81' lang='lat' dir='ltr'>occurret.</span> <span class='ocrx_word' id='word_1_250' title='bbox 627 1995 737 2049; x_wconf 76' lang='lat' dir='ltr'>Quis</span> <span class='ocrx_word' id='word_1_251' title='bbox 761 1995 896 2050; x_wconf 86' lang='lat' dir='ltr'>igitur</span> <span class='ocrx_word' id='word_1_252' title='bbox 920 1995 1223 2051; x_wconf 84' lang='lat' dir='ltr'>negligentiam</span> <span class='ocrx_word' id='word_1_253' title='bbox 1251 1996 1444 2049; x_wconf 85' lang='lat' dir='ltr'>priorum</span> <span class='ocrx_word' id='word_1_254' title='bbox 1465 1997 1535 2036; x_wconf 88' lang='lat' dir='ltr'>in-</span> 
     </span>
     <span class='ocr_line' id='line_1_32' title="bbox 58 2028 933 2107; baseline -0.002 -15"><span class='ocrx_word' id='word_1_255' title='bbox 58 2062 292 2107; x_wconf 80' lang='lat' dir='ltr'>terpretum</span> <span class='ocrx_word' id='word_1_256' title='bbox 316 2063 359 2091; x_wconf 85' lang='lat' dir='ltr'>et</span> <span class='ocrx_word' id='word_1_257' title='bbox 378 2052 589 2092; x_wconf 87' lang='lat' dir='ltr'>editorum</span> <span class='ocrx_word' id='word_1_258' title='bbox 611 2066 699 2091; x_wconf 88' lang='lat' dir='ltr'>non</span> <span class='ocrx_word' id='word_1_259' title='bbox 721 2028 933 2090; x_wconf 80' lang='lat' dir='ltr'>miretur?</span> 
     </span>
    </p>

    <p class='ocr_par' dir='ltr' id='par_1_12' title="bbox 61 2106 1533 2207">
     <span class='ocr_line' id='line_1_33' title="bbox 171 2106 1533 2164; baseline 0 -14"><span class='ocrx_word' id='word_1_260' title='bbox 171 2110 273 2164; x_wconf 79' lang='lat' dir='ltr'><em>Pag.</em></span> <span class='ocrx_word' id='word_1_261' title='bbox 310 2111 452 2152; x_wconf 88' lang='grc'><strong>102.1.</strong></span> <span class='ocrx_word' id='word_1_262' title='bbox 487 2112 527 2152; x_wconf 86' lang='lat'>9.</span> <span class='ocrx_word' id='word_1_263' title='bbox 562 2107 848 2164; x_wconf 74' lang='grc' dir='ltr'><em>Γναθωνίδης)</em></span> <span class='ocrx_word' id='word_1_264' title='bbox 873 2106 1003 2161; x_wconf 87' lang='lat' dir='ltr'>Apud</span> <span class='ocrx_word' id='word_1_265' title='bbox 1029 2108 1252 2148; x_wconf 79' lang='lat' dir='ltr'>Terentium</span> <span class='ocrx_word' id='word_1_266' title='bbox 1264 2108 1533 2150; x_wconf 77' lang='lat' dir='ltr'>Gnathonici</span> 
     </span>
     <span class='ocr_line' id='line_1_34' title="bbox 61 2165 375 2207; baseline -0.003 -2"><span class='ocrx_word' id='word_1_267' title='bbox 61 2179 114 2205; x_wconf 81' lang='lat' dir='ltr'>ex</span> <span class='ocrx_word' id='word_1_268' title='bbox 135 2165 375 2207; x_wconf 67' lang='lat' dir='ltr'>Menandro.</span> 
     </span>
    </p>

    <p class='ocr_par' dir='ltr' id='par_1_13' title="bbox 59 2217 1533 2781">
     <span class='ocr_line' id='line_1_35' title="bbox 172 2217 1533 2275; baseline -0.001 -13"><span class='ocrx_word' id='word_1_269' title='bbox 172 2222 263 2262; x_wconf 78' lang='lat' dir='ltr'><strong><em>Eacl</em></strong></span> <span class='ocrx_word' id='word_1_270' title='bbox 291 2225 318 2261; x_wconf 93' lang='lat'>1.</span> <span class='ocrx_word' id='word_1_271' title='bbox 353 2227 418 2265; x_wconf 87' lang='grc'><strong>10.</strong></span> <span class='ocrx_word' id='word_1_272' title='bbox 441 2219 627 2275; x_wconf 74' lang='grc' dir='ltr'><strong><em>”Ερανον</em></strong></span> <span class='ocrx_word' id='word_1_273' title='bbox 648 2217 867 2273; x_wconf 73' lang='grc' dir='ltr'><em>αἰτησαντι)</em></span> <span class='ocrx_word' id='word_1_274' title='bbox 899 2219 986 2274; x_wconf 82' lang='lat' dir='ltr'>Qui</span> <span class='ocrx_word' id='word_1_275' title='bbox 1007 2235 1165 2261; x_wconf 84' lang='lat' dir='ltr'>coenam</span> <span class='ocrx_word' id='word_1_276' title='bbox 1185 2230 1372 2271; x_wconf 80' lang='lat' dir='ltr'>vertunt,</span> <span class='ocrx_word' id='word_1_277' title='bbox 1407 2221 1438 2260; x_wconf 88' lang='lat' dir='ltr'>ii</span> <span class='ocrx_word' id='word_1_278' title='bbox 1453 2222 1533 2261; x_wconf 84' lang='lat' dir='ltr'>mi-</span> 
     </span>
     <span class='ocr_line' id='line_1_36' title="bbox 61 2276 1531 2330; baseline -0.003 -13"><span class='ocrx_word' id='word_1_279' title='bbox 61 2278 110 2317; x_wconf 86' lang='lat' dir='ltr'>hi</span> <span class='ocrx_word' id='word_1_280' title='bbox 141 2277 324 2318; x_wconf 85' lang='lat' dir='ltr'>dormire</span> <span class='ocrx_word' id='word_1_281' title='bbox 346 2277 563 2317; x_wconf 82' lang='lat' dir='ltr'>videntur.</span> <span class='ocrx_word' id='word_1_282' title='bbox 623 2278 775 2330; x_wconf 83' lang='lat' dir='ltr'>Longe</span> <span class='ocrx_word' id='word_1_283' title='bbox 813 2277 927 2316; x_wconf 86' lang='lat' dir='ltr'>enim</span> <span class='ocrx_word' id='word_1_284' title='bbox 958 2276 1114 2315; x_wconf 79' lang='lat' dir='ltr'>aliud’</span> <span class='ocrx_word' id='word_1_285' title='bbox 1102 2278 1265 2330; x_wconf 72' lang='grc' dir='ltr'><em>ἔρανος,</em></span> <span class='ocrx_word' id='word_1_286' title='bbox 1307 2277 1422 2317; x_wconf 82' lang='lat' dir='ltr'>aliud</span> <span class='ocrx_word' id='word_1_287' title='bbox 1452 2281 1531 2321; x_wconf 80' lang='grc' dir='ltr'><strong>δεῖ.</strong></span> 
     </span>
     <span class='ocr_line' id='line_1_37' title="bbox 59 2332 1532 2389; baseline 0.001 -17"><span class='ocrx_word' id='word_1_288' title='bbox 59 2337 187 2377; x_wconf 49' lang='lat' dir='ltr'>avoth·</span> <span class='ocrx_word' id='word_1_289' title='bbox 230 2349 370 2388; x_wconf 88' lang='lat' dir='ltr'>neque</span> <span class='ocrx_word' id='word_1_290' title='bbox 404 2333 477 2372; x_wconf 84' lang='lat' dir='ltr'>hic</span> <span class='ocrx_word' id='word_1_291' title='bbox 512 2333 740 2389; x_wconf 89' lang='lat' dir='ltr'>quicquam</span> <span class='ocrx_word' id='word_1_292' title='bbox 774 2347 996 2373; x_wconf 85' lang='lat' dir='ltr'>commune</span> <span class='ocrx_word' id='word_1_293' title='bbox 1019 2332 1189 2374; x_wconf 84' lang='lat' dir='ltr'>habent.</span> <span class='ocrx_word' id='word_1_294' title='bbox 1251 2333 1335 2375; x_wconf 85' lang='lat' dir='ltr'>Sed</span> <span class='ocrx_word' id='word_1_295' title='bbox 1360 2349 1453 2373; x_wconf 69' lang='lat' dir='ltr'>cam</span> <span class='ocrx_word' id='word_1_296' title='bbox 1481 2349 1532 2375; x_wconf 80' lang='lat' dir='ltr'>ea</span> 
     </span>
     <span class='ocr_line' id='line_1_38' title="bbox 61 2388 1532 2445; baseline -0.001 -15"><span class='ocrx_word' id='word_1_297' title='bbox 61 2405 148 2431; x_wconf 81' lang='lat' dir='ltr'>vox</span> <span class='ocrx_word' id='word_1_298' title='bbox 163 2390 490 2445; x_wconf 81' lang='lat' dir='ltr'>diligentissime</span> <span class='ocrx_word' id='word_1_299' title='bbox 502 2390 632 2429; x_wconf 83' lang='lat' dir='ltr'>fuerit</span> <span class='ocrx_word' id='word_1_300' title='bbox 649 2404 669 2428; x_wconf 76' lang='lat' dir='ltr'>a</span> <span class='ocrx_word' id='word_1_301' title='bbox 681 2390 775 2428; x_wconf 86' lang='lat' dir='ltr'>viro</span> <span class='ocrx_word' id='word_1_302' title='bbox 788 2389 1067 2443; x_wconf 84' lang='lat' dir='ltr'>undiquaque</span> <span class='ocrx_word' id='word_1_303' title='bbox 1082 2388 1331 2429; x_wconf 84' lang='lat' dir='ltr'>doctissimo</span> <span class='ocrx_word' id='word_1_304' title='bbox 1347 2392 1532 2444; x_wconf 80' lang='lat' dir='ltr'>explica-</span> 
     </span>
     <span class='ocr_line' id='line_1_39' title="bbox 60 2446 1530 2500; baseline -0.002 -13"><span class='ocrx_word' id='word_1_305' title='bbox 60 2457 101 2487; x_wconf 79' lang='lat' dir='ltr'>ta</span> <span class='ocrx_word' id='word_1_306' title='bbox 124 2449 167 2485; x_wconf 89' lang='lat' dir='ltr'>in</span> <span class='ocrx_word' id='word_1_307' title='bbox 191 2446 370 2487; x_wconf 79' lang='lat' dir='ltr'>eruditis</span> <span class='ocrx_word' id='word_1_308' title='bbox 391 2446 476 2485; x_wconf 79' lang='lat' dir='ltr'>iuis</span> <span class='ocrx_word' id='word_1_309' title='bbox 501 2446 545 2484; x_wconf 86' lang='lat' dir='ltr'>in</span> <span class='ocrx_word' id='word_1_310' title='bbox 565 2446 820 2500; x_wconf 68' lang='lat' dir='ltr'>Theophvast.</span> <span class='ocrx_word' id='word_1_311' title='bbox 846 2446 1158 2485; x_wconf 77' lang='lat' dir='ltr'>commentariis</span> <span class='ocrx_word' id='word_1_312' title='bbox 1179 2460 1220 2499; x_wconf 90' lang='lat' dir='ltr'>p.</span> <span class='ocrx_word' id='word_1_313' title='bbox 1239 2451 1336 2489; x_wconf 88' lang='grc'><strong>272.</strong></span> <span class='ocrx_word' id='word_1_314' title='bbox 1379 2446 1530 2486; x_wconf 80' lang='lat' dir='ltr'>addam</span> 
     </span>
     <span class='ocr_line' id='line_1_40' title="bbox 60 2502 1532 2556; baseline -0.003 -13"><span class='ocrx_word' id='word_1_315' title='bbox 60 2513 224 2543; x_wconf 87' lang='lat' dir='ltr'>tantum</span> <span class='ocrx_word' id='word_1_316' title='bbox 248 2504 307 2542; x_wconf 84' lang='lat' dir='ltr'>ita</span> <span class='ocrx_word' id='word_1_317' title='bbox 331 2517 419 2542; x_wconf 89' lang='lat' dir='ltr'>esse</span> <span class='ocrx_word' id='word_1_318' title='bbox 442 2503 743 2555; x_wconf 74' lang='lat' dir='ltr'>exponendum</span> <span class='ocrx_word' id='word_1_319' title='bbox 766 2502 994 2542; x_wconf 69' lang='lat' dir='ltr'>Philoszrat.</span> <span class='ocrx_word' id='word_1_320' title='bbox 1017 2517 1059 2555; x_wconf 88' lang='lat' dir='ltr'>p.</span> <span class='ocrx_word' id='word_1_321' title='bbox 1087 2505 1155 2546; x_wconf 81' lang='lat'>95.</span> <span class='ocrx_word' id='word_1_322' title='bbox 1187 2512 1229 2541; x_wconf 88' lang='lat' dir='ltr'>et</span> <span class='ocrx_word' id='word_1_323' title='bbox 1250 2507 1347 2547; x_wconf 79' lang='grc'><strong>527.</strong></span> <span class='ocrx_word' id='word_1_324' title='bbox 1366 2515 1532 2556; x_wconf 73' lang='lat' dir='ltr'>postte-</span> 
     </span>
     <span class='ocr_line' id='line_1_41' title="bbox 59 2558 1532 2611; baseline 0.001 -13"><span class='ocrx_word' id='word_1_325' title='bbox 59 2574 151 2599; x_wconf 80' lang='lat' dir='ltr'>mae</span> <span class='ocrx_word' id='word_1_326' title='bbox 195 2559 424 2607; x_wconf 86' lang='lat' dir='ltr'>editionis;</span> <span class='ocrx_word' id='word_1_327' title='bbox 459 2559 519 2597; x_wconf 82' lang='lat' dir='ltr'>ita</span> <span class='ocrx_word' id='word_1_328' title='bbox 553 2559 678 2598; x_wconf 85' lang='lat' dir='ltr'>etiam</span> <span class='ocrx_word' id='word_1_329' title='bbox 717 2558 1042 2611; x_wconf 77' lang='lat' dir='ltr'>intelligendum</span> <span class='ocrx_word' id='word_1_330' title='bbox 1085 2572 1174 2598; x_wconf 86' lang='lat' dir='ltr'>esse</span> <span class='ocrx_word' id='word_1_331' title='bbox 1215 2561 1355 2598; x_wconf 84' lang='lat' dir='ltr'>locum</span> <span class='ocrx_word' id='word_1_332' title='bbox 1387 2559 1532 2599; x_wconf 67' lang='lat' dir='ltr'>Dionis</span> 
     </span>
     <span class='ocr_line' id='line_1_42' title="bbox 63 2614 1531 2680; baseline -0.001 -25"><span class='ocrx_word' id='word_1_333' title='bbox 63 2615 322 2667; x_wconf 76' lang='lat' dir='ltr'>Clu-ysostomi</span> <span class='ocrx_word' id='word_1_334' title='bbox 351 2629 412 2680; x_wconf 87' lang='lat' dir='ltr'>p.</span> <span class='ocrx_word' id='word_1_335' title='bbox 420 2620 513 2659; x_wconf 83' lang='grc'><strong>116.</strong></span> <span class='ocrx_word' id='word_1_336' title='bbox 571 2615 715 2653; x_wconf 85' lang='lat' dir='ltr'>Locos</span> <span class='ocrx_word' id='word_1_337' title='bbox 738 2614 854 2667; x_wconf 79' lang='lat' dir='ltr'>ipsos</span> <span class='ocrx_word' id='word_1_338' title='bbox 878 2614 1043 2652; x_wconf 79' lang='lat' dir='ltr'>adferre</span> <span class='ocrx_word' id='word_1_339' title='bbox 1059 2614 1190 2668; x_wconf 79' lang='lat' dir='ltr'>piget.</span> <span class='ocrx_word' id='word_1_340' title='bbox 1236 2614 1431 2654; x_wconf 85' lang='lat' dir='ltr'>Ceterum</span> <span class='ocrx_word' id='word_1_341' title='bbox 1453 2630 1531 2654; x_wconf 72' lang='lat' dir='ltr'>vo-</span> 
     </span>
     <span class='ocr_line' id='line_1_43' title="bbox 61 2669 1531 2724; baseline -0.001 -14"><span class='ocrx_word' id='word_1_342' title='bbox 61 2685 150 2710; x_wconf 88' lang='lat' dir='ltr'>cem</span> <span class='ocrx_word' id='word_1_343' title='bbox 174 2672 412 2712; x_wconf 86' lang='lat' dir='ltr'>Graecam</span> <span class='ocrx_word' id='word_1_344' title='bbox 400 2686 444 2710; x_wconf 83' lang='lat' dir='ltr'>m</span> <span class='ocrx_word' id='word_1_345' title='bbox 475 2671 831 2724; x_wconf 72' lang='lat' dir='ltr'>interpretatione</span> <span class='ocrx_word' id='word_1_346' title='bbox 858 2670 1030 2716; x_wconf 83' lang='lat' dir='ltr'>retinui,</span> <span class='ocrx_word' id='word_1_347' title='bbox 1062 2669 1192 2724; x_wconf 85' lang='lat' dir='ltr'>idque</span> <span class='ocrx_word' id='word_1_348' title='bbox 1212 2670 1531 2724; x_wconf 79' lang='lat' dir='ltr'>Pliniijunioris</span> 
     </span>
     <span class='ocr_line' id='line_1_44' title="bbox 62 2726 1334 2781; baseline -0.002 -15"><span class='ocrx_word' id='word_1_349' title='bbox 62 2726 269 2780; x_wconf 86' lang='lat' dir='ltr'>judicium</span> <span class='ocrx_word' id='word_1_350' title='bbox 291 2739 476 2778; x_wconf 79' lang='lat' dir='ltr'>secutus,</span> <span class='ocrx_word' id='word_1_351' title='bbox 515 2736 558 2766; x_wconf 86' lang='lat' dir='ltr'>et</span> <span class='ocrx_word' id='word_1_352' title='bbox 582 2727 728 2779; x_wconf 83' lang='lat' dir='ltr'>inopia</span> <span class='ocrx_word' id='word_1_353' title='bbox 749 2728 921 2781; x_wconf 81' lang='lat' dir='ltr'>linguae</span> <span class='ocrx_word' id='word_1_354' title='bbox 941 2726 1126 2765; x_wconf 80' lang='lat' dir='ltr'>Latinae</span> <span class='ocrx_word' id='word_1_355' title='bbox 1148 2737 1334 2767; x_wconf 82' lang='lat' dir='ltr'>coactus.</span> 
     </span>
    </p>
   </div>
   <div class='ocr_carea' id='block_1_3' title="bbox 170 2779 1531 2839">
    <p class='ocr_par' dir='ltr' id='par_1_14' title="bbox 170 2779 1531 2839">
     <span class='ocr_line' id='line_1_45' title="bbox 170 2779 1531 2839; baseline -0.004 -10"><span class='ocrx_word' id='word_1_356' title='bbox 170 2783 270 2839; x_wconf 70' lang='grc' dir='ltr'>Ρσς</span> <span class='ocrx_word' id='word_1_357' title='bbox 303 2789 397 2830; x_wconf 78' lang='lat'><strong>103·</strong></span> <span class='ocrx_word' id='word_1_358' title='bbox 424 2788 457 2825; x_wconf 85' lang='lat' dir='ltr'>l</span> <span class='ocrx_word' id='word_1_359' title='bbox 487 2788 529 2829; x_wconf 85' lang='lat'>4-</span> <span class='ocrx_word' id='word_1_360' title='bbox 562 2780 844 2827; x_wconf 71' lang='grc' dir='ltr'><em>Νεοῦιδᾶκτων</em></span> <span class='ocrx_word' id='word_1_361' title='bbox 867 2779 1152 2839; x_wconf 66' lang='grc' dir='ltr'>διθυράμβων)</span> <span class='ocrx_word' id='word_1_362' title='bbox 1189 2783 1267 2837; x_wconf 73' lang='lat' dir='ltr'>Qui</span> <span class='ocrx_word' id='word_1_363' title='bbox 1288 2798 1409 2839; x_wconf 74' lang='lat' dir='ltr'>nuper</span> <span class='ocrx_word' id='word_1_364' title='bbox 1424 2782 1531 2826; x_wconf 71' lang='lat' dir='ltr'>evul-</span> 
     </span>
    </p>
   </div>
  </div>
 </body>
</html>
