1778 3194
223 312 410 343 CXXXIV
500 313 604 345 JO.
689 315 937 344 FRED.
1018 314 1415 344 REJTZII

225 411 306 450 ult.
344 422 400 449 ex
429 417 580 449 mente
612 408 810 450 Solani
841 408 1186 467 dispescuimus,
1220 425 1275 450 ne
1308 423 1416 465 opus
1455 417 1571 451 esset
1599 411 1701 450 sin-

229 480 352 530 gulas
370 476 670 528 adlegationes
691 487 860 518 mutare
874 510 884 529 ,
917 478 1033 533 quod
1055 479 1105 518 in
1128 479 1183 518 iis
1210 480 1513 518 facere-coacti
1534 491 1700 527 sumus,

231 558 343 600 quae
366 552 535 598 partem
552 547 676 598 illam
696 547 887 600 priorem
913 547 1168 601 spectabant
1187 577 1197 596 ‚
1230 545 1426 599 exceptis
1446 548 1594 584 forsan
1615 545 1704 584 ali-

234 619 338 664 quot
357 611 461 650 locis
483 626 561 664 per
589 615 924 653 festinationem
955 622 1124 653 mutare
1156 614 1392 665 neglectis,
1424 625 1535 667 quae
1564 613 1703 652 lector

229 686 384 719 tamen
410 679 491 719 hac
512 681 683 721 ratione
715 679 905 720 indicata
928 681 1100 721 facilius
1127 681 1343 720 inveniet.

343 812 400 854 In
418 814 539 853 hisce
558 822 706 855 tamen
728 815 948 863 interdum
961 817 1212 856 sublevatus
1227 829 1321 856 sum
1342 819 1557 867 juvenum
1575 827 1706 870 prae-

236 882 607 922 stantissimorum
650 897 780 938 opera
797 917 806 934 ‚
870 885 1061 938 primum
1116 883 1231 923 The
1244 899 1268 923 o
1286 883 1308 923 d
1325 898 1349 923 o
1365 885 1413 924 ri
1471 882 1572 922 tvo
1589 895 1612 921 e
1625 889 1706 921 rt—

234 954 440 1000 manni,
474 951 547 1004 qui
569 951 673 990 olim
697 951 913 1003 gymnasii
933 953 1073 991 nostri
1094 953 1380 1007 coryphaeus,
1401 953 1488 1002 jam
1510 952 1557 990 in
1581 962 1706 988 caus·

236 1029 383 1056 sarum
406 1017 602 1071 patronis
626 1019 841 1059 eximium
859 1027 983 1059 tenet
1012 1020 1180 1070 locum,
1214 1018 1481 1074 procedente
1506 1025 1706 1071 tempore

234 1084 482 1138 principem
507 1085 640 1123 etiam
666 1087 940 1126 obtenturus.
999 1085 1093 1126 Hoc
1121 1101 1228 1127 vero
1260 1087 1531 1138 gravioribus
1568 1097 1710 1135 nego-

235 1151 314 1190 tiis
347 1160 555 1206 occupato
576 1150 693 1190 idem
717 1154 930 1192 auxilium
962 1154 1074 1193 mihi
1106 1155 1278 1208 partitis
1315 1153 1484 1192 vicibus
1511 1150 1706 1205 praesti—

238 1224 334 1256 tere
367 1216 660 1269 Regnerus
693 1218 809 1259 Hen
828 1222 980 1261 ricus
1012 1220 1268 1270 Siblink,
1311 1228 1355 1260 et
1377 1222 1415 1258 is
1438 1219 1557 1259 Juris
1583 1218 1708 1276 Doc—

240 1290 313 1322 tor
338 1296 394 1323 ex
412 1286 583 1325 meritis
612 1301 753 1341 nuper
773 1289 1076 1337 renuntiatus,
1110 1302 1188 1327 nec
1214 1301 1300 1326 non
1333 1286 1574 1326 Jacobus
1608 1284 1710 1326 Go-

239 1351 291 1389 bi
308 1364 387 1399 uS,
423 1351 578 1392 eodem
607 1354 775 1393 honore
800 1356 925 1395 brevi
955 1358 1104 1395 forsan
1125 1354 1394 1395 mactandus.
1455 1352 1534 1393 His
1559 1353 1708 1408 itaque

242 1414 469 1471 discipulis
498 1420 603 1459 olim
626 1422 846 1475 primariis
878 1438 924 1462 ac
957 1421 1246 1471 dulcissimis,
1290 1437 1405 1462 nunc
1436 1421 1588 1461 amicis
1623 1434 1712 1474 op-

238 1484 385 1536 timis,
417 1487 501 1526 hoe
527 1490 708 1528 nomine
739 1499 924 1542 quantas
957 1504 1136 1545 possum
1175 1491 1336 1541 gratias
1367 1503 1461 1540 ago.

353 1619 423 1660 Ex
455 1622 555 1662 clar.
587 1621 742 1664 Joan.
776 1623 963 1665 Jensii
992 1623 1277 1665 Lectionibus
1311 1623 1549 1666 Lucianein
1582 1625 1710 1663 inse-

242 1689 310 1727 rui
332 1689 500 1739 omnia,
534 1692 714 1730 resectis
734 1700 908 1732 tan-tum
929 1694 1076 1748 paucis
1108 1693 1441 1732 excursionibus
1464 1692 1517 1733 ad
1547 1693 1711 1732 Lucia—
1770 1703 1778 1720 =¹

243 1771 333 1793 num
359 1770 447 1795 non
472 1758 603 1811 plane
628 1760 951 1813 spectantibus,
984 1768 1113 1815 atque
1136 1759 1181 1798 in
1212 1759 1521 1813 compendium
1553 1761 1711 1802 redac-
1770 1775 1774 1790 ⁷

242 1822 299 1862 tis
322 1823 497 1862 Luciam*
518 1827 661 1864 verbis
686 1828 738 1865 ab
766 1841 817 1867 eo
843 1828 1042 1879 longiore
1070 1827 1183 1866 serie
1212 1826 1456 1880 productis,
1491 1842 1601 1882 quae
1632 1844 1712 1869 re—

243 1891 335 1945 peti
371 1893 484 1932 nihil
513 1906 622 1947 opus
655 1903 769 1943 erat,
816 1909 912 1934 cum
942 1896 1088 1934 textui
1117 1893 1342 1933 Lucianeo
1370 1896 1460 1946 jam
1489 1898 1712 1947 subjectae
1768 1892 1769 1895 ¹

243 1968 332 1998 smt
352 1959 456 1998 illae
476 1962 829 2010 observationes,
863 1976 919 2001 ex
941 1977 1025 2016 quo
1052 1974 1191 2001 nexus
1223 1962 1456 2017 verborum
1487 1965 1578 2018 peti
1602 1974 1713 2019 pot-

241 2033 319 2066 est.
392 2027 449 2067 Ut
479 2035 626 2068 autem
658 2031 877 2080 egregiam
910 2030 1030 2067 illius
1060 2028 1113 2068 de
1146 2042 1216 2068 me
1254 2029 1418 2082 optime
1446 2031 1593 2071 meriti
1624 2033 1714 2074 viri
1766 2034 1767 2037 ’

239 2093 287 2133 in
313 2096 497 2134 Luciano
528 2096 813 2135 emaculando
841 2109 1018 2150 operam
1043 2097 1190 2147 magni
1216 2097 1350 2146 facio,
1392 2097 1708 2153 literarumque

238 2163 446 2215 peritiam
478 2164 524 2203 in
560 2166 881 2214 eajuventute,
915 2178 996 2217 qua
1026 2165 1123 2203 illas
1148 2163 1287 2204 Lectt,
1314 2163 1592 2216 conscripsit,
1626 2164 1712 2204 ad—

240 2230 399 2282 miror,
422 2231 482 2271 ita
502 2232 598 2285 ipse
625 2245 713 2270 non
737 2244 864 2282 aegre
884 2233 1018 2280 seret,
1040 2232 1115 2270 ubi
1138 2232 1202 2270 bis
1222 2239 1343 2269 terve
1369 2226 1516 2270 tamen
1541 2233 1709 2285 abipso

242 2294 507 2347 dissensero,
533 2298 609 2338 sed
629 2302 722 2350 pari
740 2299 1017 2339 humanitate
1042 2299 1155 2339 mihi
1177 2306 1220 2338 et
1243 2299 1348 2338 alibi
1368 2312 1447 2354 per
1462 2299 1710 2341 festinatio-

242 2380 344 2408 nem
360 2369 483 2423 lapso
501 2369 713 2417 ignoscet.
1174 2367 1177 2370 ⁴

351 2502 636 2548 variantium
669 2510 814 2543 autem
845 2501 1112 2543 Lectionum
1145 2509 1211 2543 sat
1239 2504 1434 2557 amplum
1466 2503 1710 2554 catalogum

239 2576 292 2614 ab
325 2573 526 2614 Solano
558 2572 603 2610 in
634 2569 701 2611 ed.
730 2570 986 2618 Juntinam,
1028 2578 1076 2610 ut
1106 2585 1234 2624 supra
1272 2572 1446 2619 monui,
1487 2570 1708 2621 collatum,

238 2648 380 2680 totum
403 2639 647 2680 describere
668 2639 908 2693 lectorique
929 2639 1140 2678 exhibere
1158 2670 1167 2688 ,
1200 2638 1421 2677 interdum
1453 2647 1496 2678 et
1524 2641 1630 2678 alias
1656 2641 1708 2680 ab

241 2721 292 2745 eo
318 2709 500 2747 omissas
521 2705 707 2756 addere,
742 2720 830 2745 non
850 2719 946 2746 sum
967 2707 1157 2756 veritus,
1190 2714 1237 2744 ut
1262 2704 1514 2759 adpareret,
1547 2715 1709 2762 quanta

241 2773 470 2827 diligentia
492 2773 739 2815 editionum
761 2772 1045 2828 codicumque
1073 2774 1249 2815 collatio
1271 2774 1328 2813 sit
1346 2775 1565 2815 instituta.
1624 2772 1710 2814 In-
