1778 3194
625 259 922 294 ΤιΜοΝ.
1396 257 1460 302 83

79 359 246 416 βρόχον,
278 359 515 414 ἐσχηκότας,
546 356 665 414 ἄφνω
689 360 730 402 δὲ
753 357 926 416 τήμερον
941 364 1179 415 πλουσίους,
1210 365 1281 408 καὶ
1299 371 1464 410 πολυτε-
1475 385 1512 420 p.
1529 385 1605 419 ¹5¹·

78 435 180 481 λεῖς,
225 430 288 472 ε’π).
315 434 460 471 λευκοῦ
485 424 651 483 ζεύγους
690 425 991 481 ἐξελαύνοντας,
1042 428 1103 479 οἷς
1131 427 1227 475 οὐδὲ
1262 431 1344 492 κᾷν
1369 433 1463 485 ὄνος

77 494 228 551 ὑπῆρξε
243 494 415 542 πώποτε.
446 498 513 538 καὶ
530 495 640 549 ὅμως
659 501 871 549 πορφυροῖ
886 499 929 546 ²²)
959 497 1027 539 καὶ
1038 496 1289 555 χρυσόχειρες
1310 503 1464 558 περιέρ-

78 581 236 619 χονται,
268 562 359 606 οὐδ’
383 562 496 607 αὐτοὶ
515 562 771 612 πιστεύοντες
792 560 903 617 οἶμαι
925 561 984 606 ὅτι
1007 563 1062 619 μὴ
1087 565 1186 623 ὄναρ
1201 573 1459 612 πλουτοῦσιν.

201 636 360 674 ΠΛΟΤ
366 637 406 674 Τ.
434 627 631 686 Ἑτεροΐον
653 628 761 673 τοῦτ’
784 632 910 683 ἐστὶν,
942 625 975 675 οἶ
997 630 1154 688 “”Ερμῆ,
1185 637 1254 678 καὶ
1275 635 1362 691 οὐχὶ
1379 645 1463 689 τοῖς
1486 647 1541 689 21

78 703 256 755 ἐμαυτοῦ
274 701 368 742 ποσὶ
384 700 532 754 βαδίζω
550 695 647 741 τότε.
681 696 775 741 οὐδὲ
796 696 817 741 ὅ
839 699 961 752 Ζεῦς,
991 698 1079 743 ἀλλ’
1104 699 1126 745 ὅ
1147 703 1343 748 Πλούτων
1364 704 1464 749 ἄπο-

79 772 228 812 orsu-a
259 785 306 822 με
335 762 434 821 παρ’
467 762 631 817 αὗτοῦς,
671 765 739 809 ἅτε
768 766 1060 824 πλουτοδότης,
1090 772 1157 813 καὶ
1187 771 1467 829 μεγαλόδωρος

78 840 149 881 καὶ
169 833 290 885 αὐτὸς
309 834 377 877 ὤν.
418 837 539 888 δηλοῖ
550 839 651 889 γοῦν
669 838 718 886 ⁰)
748 837 816 878 καὶ
835 841 893 893 τῷ
913 832 1093 891 ὀνόματι.
1137 839 1305 883 ἐπειδᾶν
1325 844 1467 885 τοίνυν

80 908 382 966 μετοικισθῆναι
411 904 480 960 δέῃ
507 919 553 956 με
574 899 674 959 παρ’
697 904 832 958 ἐτέρου
860 904 963 961 πρὸς
980 907 1137 961 ἕτερον,
1168 909 1209 957 ἐς
1235 911 1374 953 δέλτον
1399 912 1466 965 ἐμ-
1528 913 1535 927 ’

78 970 266 1029 βαλόντες
301 988 368 1026 με,
398 971 469 1013 καὶ
497 969 882 1027 κατασημηνάμενοι
908 975 1119 1028 ἐπιμελῶς,
1150 976 1337 1031 φορηδὸν
1365 973 1465 1032 ‹39⁴5-
1476 991 1513 1027 P·
1530 991 1608 1026 ¹52·

75 1059 210 1095 μενοι,
240 1041 555 1095 μετακομίζουσι.
614 1040 684 1082 καὶ
715 1037 738 1083 ὅ
763 1040 837 1095 μὲν
854 1039 997 1096 νεκρὸς
1022 1042 1065 1084 ἐν
1085 1050 1280 1103 σκοτεινῷ
1296 1063 1378 1090 που
1395 1051 1467 1101 τῆς

76 1112 206 1159 οἰκίας
230 1106 457 1163 πρόκειται,
488 1104 589 1163 ὑπὲρ
612 1105 661 1149 τοὶ
688 1104 840 1163 γόνατα
870 1112 1024 1166 παλαιᾷ
1052 1114 1105 1168 τῇ
1125 1107 1256 1169 ὀθόνῃ
1274 1112 1466 1169 σκεπόμε-

75 1195 169 1229 νος,
199 1174 469 1231 περιμάχητος
497 1183 585 1226 ταῖς
612 1181 765 1233 γαλαῖς.
815 1177 880 1231 ἐμὲ
908 1177 949 1220 δὲ
977 1179 1020 1220 οἷ
1046 1178 1321 1232 ἐπελπίσαντες
1346 1184 1390 1226 ἔν
1416 1187 1468 1242 τῇ

77 1242 206 1301 ἀγορᾷ
223 1245 480 1297 περιμένουσι
510 1241 741 1298 κεχηνότες,
774 1241 901 1299 ὥςπερ
930 1242 1006 1297 τήν
1039 1244 1224 1298 χελιδόνα
1247 1267 1465 1306 προςπετο-

76 1314 201 1368 μένην
219 1309 436 1367 τετριγότες
454 1310 503 1367 1')
536 1315 578 1354 οἷ
590 1314 753 1355 νεοττοί.
812 1307 1011 1355 Ἐπειδὰν
1033 1313 1077 1355 δὲ
1095 1312 1140 1356 τὸ
1159 1321 1321 1368 σημεῖον
1343 1313 1464 1371 ἆφαι-
1491 1319 1548 1360 22

76 1386 183 1437 ρεθῇ
202 1382 270 1432 τι),
300 1382 367 1421 καὶ
386 1379 432 1423 τὸ
451 1382 561 1423 λίνον
579 1382 622 1431 r)
654 1381 856 1435 ἐντμηθῇ,
887 1381 957 1423 καὶ
971 1379 1002 1434 ἦ
1020 1381 1150 1430 δέλτος
1169 1380 1346 1444 ἀνοιχθῇ
1352 1418 1364 1437 ,
1395 1389 1465 1432 καὶ

121 1483 172 1525 n)
197 1492 283 1532 πορ
297 1493 356 1524 φυ
369 1493 420 1525 ρο
435 1482 472 1524 ἴ]
499 1481 560 1514 Sic
582 1483 718 1513 Hemst.
740 1479 832 1515 min,
871 1482 976 1515 Aliae
992 1482 1204 1528 πορφυροὶ,
1229 1486 1406 1523 mendum
1421 1490 1463 1525 1⁶11

165 1526 324 1560 Lucmni
360 1527 630 1571 exemplaribus
658 1527 847 1571 frequens.
898 1528 982 1562 vid.
1010 1529 1057 1561 ad
1091 1529 1201 1562 Char.
1233 1543 1264 1564 c.
1292 1543 1344 1576 14.
1415 1537 1462 1579 o)

164 1573 306 1618 γοῦν]
332 1573 435 1605 abest
458 1573 575 1606 aB-z.
625 1573 672 1616 p)
699 1569 995 1618 τετριγότες]
1022 1572 1234 1620 τετρυγότες
1251 1578 1333 1611 cod.
1359 1588 1459 1622 1423.

164 1620 212 1699 g)
241 1615 516 1664 ἀφαιρεθῇ]
554 1617 741 1664 ἅφηρηθῇ
760 1626 796 1651 et
823 1630 909 1671 mox
933 1617 1088 1667 ἄνῳχθῇ
1114 1623 1157 1655 A.
1229 1627 1268 1659 r)
1295 1624 1463 1672 λίνον]

191 1666 227 1699 ic
243 1666 286 1701 A.
306 1677 358 1710 2.,
386 1677 502 1711 quum
522 1665 561 1698 in
585 1665 717 1698 ceteris
736 1665 833 1698 falso
853 1670 903 1698 sit
918 1667 1034 1701 λῖνον.

76 1758 236 1808 berent,
271 1759 346 1811 qui
364 1757 448 1796 sibi
471 1760 738 1811 pararentla-

77 1828 245 1868 queum,
280 1813 410 1853 hodie
432 1823 606 1867 repente
627 1813 738 1853 divi-

77 1879 141 1909 tes
179 1869 415 1919 exsistunt,
469 1879 630 1908 sumtus
672 1870 739 1909 in-

78 1934 224 1979 gentes
245 1926 426 1974 famium,
459 1935 502 1964 et
532 1925 647 1978 bigis
682 1927 741 1964 al-

78 1982 143 2020 bis
167 1981 404 2031 vehuntur,
426 1980 592 2034 ‘quibus
621 1995 675 2020 ne
699 1995 740 2019 a·

77 2039 204 2076 sellus
227 2035 399 2090 quidem
417 2051 604 2089 unquam
625 2036 740 2075 domi

76 2093 186 2140 fuit;
220 2102 262 2132 et
283 2102 423 2132 tamen
442 2107 629 2145 purpura
668 2107 740 2130 au·

75 2149 244 2202 reisque
266 2149 435 2187 annulis
448 2149 661 2202 fulgentes
674 2148 739 2186 in·

77 2203 256 2255 cedunt,
309 2205 406 2258 qui,
459 2214 509 2242 ut
565 2203 736 2257 opinor,

77 2259 268 2299 nondum
313 2261 414 2300 satis
459 2259 542 2298 sibi
571 2273 739 2312 persua-

79 2315 176 2355 dere
196 2326 390 2369 possunt,
413 2331 506 2355 suas
529 2316 621 2355 illas
636 2330 738 2370 opes

77 2385 288 2412 sommum
309 2387 396 2412 non
419 2387 519 2413 esse.

133 2430 256 2467 Plut.
285 2428 425 2479 Istuc,
461 2428 577 2482 quod
605 2427 736 2481 dicis,

76 2484 416 2538 Me1·curi,longe
428 2483 638 2524 diversum
651 2495 714 2525 est
725 2504 736 2533 ;

78 2554 156 2580 uec
186 2550 289 2588 tuno
322 2541 424 2579 meis
456 2555 521 2580 me
559 2540 740 2594 pedibus

79 2605 228 2648 porto,
269 2610 409 2649 neque
427 2609 493 2635 me
526 2605 629 2636 tuno
663 2597 738 2639 Ju-

80 2651 204 2704 piter,
230 2652 301 2693 sed
312 2654 449 2706 ,ΡΝΙγιῃο-Ἴ
469 2651 522 2690 ad
543 2667 613 2692 eos
635 2653 740 2692 mit-

81 2707 151 2757 tit,
182 2717 331 2760 utpote
366 2709 440 2762 qui
470 2708 740 2762 πλουτοδότης

81 2771 123 2801 et
155 2761 246 2815 ipse
273 2765 331 2803 sit
364 2767 506 2819 [opum
546 2766 741 2820 largitor]

81 2826 122 2857 et
159 2818 476 2872 splendidorum
521 2836 739 2862 munerum

796 1757 942 1809 dator,
987 1757 1103 1813 quod
1131 1769 1174 1799 et
1211 1773 1288 1799 suo
1326 1761 1463 1815 ipsius

796 1814 970 1853 nomine
990 1814 1278 1857 satisindicat.
1312 1816 1463 1873 Itaque

798 1885 894 1909 cum
924 1869 1033 1908 mihi
1055 1869 1105 1909 ab
1138 1871 1224 1910 alio
1247 1872 1299 1912 ad
1330 1874 1464 1915 alium

797 1925 1067 1979 migrandum
1100 1937 1184 1976 est,
1223 1941 1290 1967 me
1318 1929 1365 1967 in
1401 1940 1463 1970 ta·

797 1981 919 2021 bulas
954 1983 1291 2021 testamentariam
1325 1986 1462 2039 conji-

799 2036 983 2084 ciunt‚ac
995 2036 1223 2091 diligenter
1234 2038 1462 2094 obsignan-

798 2102 859 2132 tes
882 2091 1008 2132 domo
1025 2106 1090 2132 me
1103 2092 1341 2145 bajulorum
1362 2110 1463 2149 ope-

797 2163 842 2188 ra
863 2147 1067 2188 efferunt:
1091 2148 1251 2188 interea
1267 2160 1461 2192 mortuus

796 2205 843 2243 in
879 2204 1058 2243 obscuro
1105 2204 1250 2258 aliquo
1291 2206 1461 2248 aedium

796 2263 893 2300 1000
937 2264 1073 2314 jacet,
1125 2259 1282 2301 detrito
1321 2263 1459 2304 linteo

799 2316 980 2356 obtectis
1000 2315 1192 2372 genibus,
1225 2316 1325 2357 dum
1346 2319 1461 2359 circa

797 2373 935 2427 ipsum
969 2372 1185 2413 decertant
1206 2374 1332 2425 feles,
1369 2377 1460 2429 ejus

799 2429 977 2470 cadaver
1021 2430 1232 2484 attingere
1267 2430 1462 2484 gestien-

798 2496 886 2533 tes;
917 2500 983 2525 me
1006 2495 1145 2525 autem
1166 2485 1213 2535 ii,
1251 2486 1326 2539 qui
1355 2494 1460 2526 tam-

798 2541 874 2581 diu
895 2551 1189 2595 speraverant,
1234 2539 1288 2579 ad
1315 2541 1458 2581 forum

797 2597 949 2638 itidem
964 2607 1013 2637 ut
1032 2596 1306 2637 hirundinem
1326 2596 1459 2638 advo-

797 2657 956 2694 lantem
992 2652 1218 2693 stridentes
1245 2654 1354 2706 puni
1386 2668 1458 2694 ex-

797 2719 1003 2764 spectant.
1063 2708 1149 2747 Ubi
1171 2718 1307 2748 autem
1319 2709 1459 2748 subla-

799 2776 887 2805 tum
910 2776 972 2805 est
989 2765 1192 2820 sigillum,
1226 2775 1268 2804 et
1294 2765 1457 2804 lineum

797 2822 1039 2863 testamenti
1080 2821 1299 2862 vinculum
1341 2821 1458 2862 inci-

1085 2880 1117 2916 F
1147 2885 1174 2923 2
