1778 3194
0 2800 3 2855 ἔ

208 261 1520 299 sefllPTisQUELuclAN1.inx1

56 377 213 404 norum
233 363 368 418 copiis
389 363 538 413 illato,
569 362 729 401 frustra
753 357 920 414 aliquid
950 360 1065 416 apud
1093 376 1245 403 eorum
1267 371 1520 419 temporum

55 432 289 486 scriptores
318 428 613 486 quaesiveris,
654 425 884 482 deperdita
919 429 1007 478 jam
1040 428 1205 472 dudum
1236 430 1393 472 Dionis
1425 435 1518 494 ejus

54 500 153 539 aevi
169 499 379 549 historia,
407 497 526 538 unde
553 494 859 551 proculdubio
885 494 1073 535 Luciano
1100 499 1293 538 maxima
1321 501 1402 539 lux
1434 500 1521 540 ad.-

52 566 324 607 funderetur.
384 565 556 604 Verum
580 563 634 604 de
659 563 731 604 his
749 565 865 602 forte
889 565 998 604 alias
1016 565 1195 605 uberius
1215 580 1353 618 agam,
1390 577 1440 608 ut
1463 567 1517 608 de

53 631 388 674 christianismo
409 641 453 671 et
475 632 694 687 apostasia
717 629 909 682 Luciani,
944 634 1063 682 cujus
1090 633 1278 684 vestigia
1304 634 1518 689 quaedam

52 701 166 742 mihi
199 699 433 755 aliquando
453 701 576 740 visus
596 713 693 739 sum
724 700 772 739 in
805 701 900 750 ejus
929 698 1101 753 scriptis
1124 703 1373 752 observare,
1405 717 1518 757 quae

49 769 181 809 modo
204 770 471 819 investigare
502 768 740 817 nonlicet,
780 774 831 806 ut
858 774 903 806 et
932 768 1072 808 multa
1102 769 1209 816 alia,
1254 783 1366 823 quae
1394 771 1442 810 in
1462 785 1515 811 eo

49 837 261 890 scriptore
301 834 356 875 ad
395 843 596 876 veterem
631 834 866 875 historiam
894 836 1143 889 pertinent,
1173 837 1343 877 nemini
1371 836 1514 880 adhuc

49 901 309 945 criticorum
329 910 590 943 memorata.
627 918 630 921 ·
653 905 661 911 “

159 1038 255 1079 Huc
274 1053 413 1095 usque
447 1038 678 1081 Grozius.
719 1039 916 1095 Tempus
941 1050 1008 1083 est
1030 1051 1226 1085 nostram
1246 1043 1517 1085 sententiam

49 1108 197 1164 paucis
217 1101 392 1148 addere.

161 1243 364 1285 Lucum
383 1248 516 1299 patria
537 1245 642 1286 satis
663 1251 854 1297 constat,
887 1259 1072 1302 eamque
1095 1250 1183 1298 jam
1205 1248 1310 1289 satis
1332 1247 1517 1290 audivi-

48 1325 161 1352 mus.
221 1311 507 1352 Educationis
533 1313 663 1353 initia
700 1327 872 1369 quoque
895 1315 1000 1354 satis
1021 1316 1119 1372 ipse
1140 1318 1277 1356 refert
1305 1318 1353 1357 in
1376 1318 1512 1357 Somn.

48 1379 304 1419 Transitum
325 1381 378 1419 ab
401 1380 576 1436 opificio
598 1380 653 1420 ad
675 1380 819 1421 studia
838 1382 1039 1422 liberalia
1060 1381 1156 1421 ibid.
1178 1381 1284 1434 Iter,
1305 1385 1421 1440 quocl
1443 1399 1516 1425 eo-

49 1461 148 1486 rum
173 1460 321 1486 caussa
340 1449 546 1502 suscepit,
572 1462 628 1488 ex
646 1450 737 1489 vita
757 1462 781 1489 a
801 1447 1072 1499 Rom-delozio,
1105 1452 1389 1506 subjectaque
1411 1461 1515 1493 nota

48 1512 249 1552 Fabricii:
280 1516 386 1554 satis
409 1528 580 1568 quoque
612 1524 789 1567 notum,
821 1516 1025 1555 Athenas
1059 1528 1107 1555 se
1137 1515 1304 1572 (esse?)
1333 1523 1515 1574 profec-

48 1588 146 1620 tum
175 1577 230 1620 ad
260 1578 425 1621 Graeca
462 1581 682 1627 discenda.
734 1585 842 1623 Tox.
886 1598 919 1623 c.
951 1586 1020 1626 57.
1109 1582 1166 1624 In
1194 1585 1513 1639 Macedoniam,

47 1647 242 1687 Her-odoi.
267 1663 301 1687 c.
315 1653 354 1691 7.
387 1647 478 1699 Qui
503 1649 841 1691 caussidicorum
856 1665 1032 1702 gregem
1055 1650 1313 1704 deseruerit,
1328 1656 1382 1695 ob
1396 1658 1514 1695 frau-

50 1713 127 1754 des
152 1724 196 1754 εἴ
213 1713 455 1766 mendacia,
468 1715 614 1758 Pis-cat.
643 1733 676 1759 c.
691 1722 759 1762 29.
786 1727 832 1759 et
849 1718 904 1759 ad
922 1720 1254 1774 philosophiam
1273 1723 1512 1774 transierit,

50 1792 95 1823 et
121 1783 205 1823 hoc
226 1783 336 1822 alios
357 1784 471 1823 bene
496 1785 780 1825 observantes
808 1786 1075 1827 audivimus.
1115 1786 1205 1828 vid.
1228 1804 1301 1842 pro
1318 1790 1449 1830 Mcrc.
1475 1806 1510 1830 c.

48 1851 128 1890 ult.
198 1848 265 1889 De
300 1860 424 1887 aetate
462 1849 661 1892 nondum
696 1855 943 1894 confectum
973 1855 1225 1905 negotium:
1260 1871 1393 1910 quare
1423 1859 1510 1898 hoc

50 1917 344 1971 experiamur,
357 1925 570 1970 quantum
586 1919 706 1971 licet,
721 1934 778 1961 ex
792 1923 888 1976 ipso
909 1924 1069 1962 elicere
1085 1938 1096 1974 3
1115 1921 1219 1963 dein
1235 1922 1289 1963 de
1302 1921 1513 1965 Christia-

48 1985 191 2024 nismo
215 1983 388 2023 deserto
411 1992 454 2023 et
477 1984 727 2039 Atlmismo,
761 2002 891 2042 quem
912 1989 1145 2042 objiciunt,
1174 1990 1444 2047 ingenioque
1467 2000 1514 2033 et

47 2051 240 2092 moribus
268 2054 360 2102 ejus
387 2049 692 2106 disquiramus.

159 2184 319 2226 AETAS
349 2186 521 2227 facilius
544 2196 589 2228 et
612 2186 859 2231 adcuratius
881 2206 938 2233 ex
957 2193 1129 2249 scriptis
1153 2197 1246 2247 ejus
1268 2202 1516 2247 erueretur,⁴

46 2252 305 2305 sIDialogos
323 2255 586 2295 haberemus
608 2256 743 2297 hodie
766 2260 922 2303 eodem
939 2262 1093 2302 ordine
1113 2277 1160 2303 ac
1185 2264 1298 2303 serie
1315 2262 1513 2317 disposi—

48 2327 142 2372 tos,
173 2335 257 2375 qua
292 2323 388 2376 ipse
416 2337 490 2363 eos
515 2326 797 2378 conscripsit:
840 2343 938 2368 cum
966 2343 1072 2369 vero
1103 2329 1158 2370 acl
1191 2337 1434 2371 extremam
1462 2343 1514 2370 se

46 2389 135 2438 jem
177 2392 271 2428 fere
321 2399 541 2431 se11ec1am
598 2394 854 2445 pervenisse
893 2403 1080 2437 testetur
1125 2398 1173 2437 in
1216 2397 1512 2438 Dissertatio-

49 2467 105 2494 ne
144 2471 216 2508 pro
256 2457 418 2496 mer-ced.
459 2457 662 2497 conductis
701 2473 736 2500 c.
767 2466 804 2502 1.
850 2472 893 2503 et
919 2468 959 2506 4.
1008 2473 1058 2503 ut
1098 2466 1202 2504 satis
1241 2467 1331 2516 jam
1381 2465 1513 2506 adle-

47 2528 196 2572 gatum
225 2537 381 2578 supra3
420 2526 469 2565 in
504 2534 714 2580 sequente
745 2541 852 2569 vero
883 2529 1070 2583 Dialogo
1096 2532 1337 2571 Hermotimi
1377 2548 1411 2573 c.
1442 2539 1508 2578 13.

47 2600 96 2627 se
118 2590 401 2644 quadraginta
425 2606 563 2632 annos
587 2600 738 2633 natum
768 2594 930 2637 diserte
955 2600 1092 2652 dicat3
1125 2602 1351 2653 perversio
1382 2601 1511 2642 ordi—-

49 2655 117 2694 nis
138 2659 267 2697 facile
289 2667 423 2710 patet,
448 2673 584 2713 aeque
602 2667 731 2714 atque
754 2675 811 2703 ex
836 2665 934 2705 aliis
953 2668 1073 2717 locis,
1102 2667 1222 2707 haud
1242 2668 1511 2710 aliundena-

46 2727 104 2771 ta,
136 2736 264 2775 quam
292 2725 409 2780 quod.
437 2726 622 2768 diversis
653 2732 925 2783 temporibus
952 2735 1114 2787 singuli
1142 2738 1282 2778 libelli
1320 2737 1508 2792 prodie-
