1778 3194
511 230 1137 265 LUGIANI.
1460 235 1559 266 cvu

199 566 245 620 ο)
319 557 1458 608 GRAECO—LATINAE.

103 730 208 773 1563
266 726 503 767 BasiZiensis
535 726 616 767 ΙΠ.
656 731 696 771 8.
736 724 852 782 apud
883 724 1129 766 Sebastian.
1159 722 1460 781 Heni-icpetri,
1491 725 1561 768 IV

139 797 143 799 ’
265 796 372 836 voll.
392 817 448 826 -
476 795 639 836 Versio
670 793 848 836 Graecis
870 792 1073 844 adjuncta
1094 793 1240 834 varios
1261 800 1458 833 auctores
1481 808 1565 846 ag-

267 863 428 915 noscit,
471 871 726 915 argumenta
750 869 852 902 sunt
875 860 964 901 Jac.
988 854 1172 916 Maesta,
1216 860 1407 915 denique
1433 869 1566 902 notae

270 928 459 971 Gilberti
483 929 662 984 Cognati,
695 931 852 986 quibus
873 929 1085 970 accedunt
1107 928 1162 969 ad
1179 929 1313 969 libros
1331 930 1567 985 plerosque

268 997 658 1039 adnotatiunculae
677 997 745 1038 Jo.
772 996 974 1038 Sambuci.

109 1103 224 1144 1602
280 1098 515 1139 Basiliensis
533 1100 613 1141 IV.
649 1106 687 1146 8.
719 1102 1073 1142 AOYKIANOY
1097 1103 1352 1142 AHANTA.
1383 1098 1572 1142 Luciam-1

268 1165 592 1207 samosatensis
623 1167 794 1224 Opera,
831 1181 942 1222 quae
973 1166 1150 1222 quidem
1173 1177 1374 1220 exstant,
1407 1171 1572 1222 omnia,

272 1231 438 1274 Graece
457 1242 502 1274 et
519 1234 695 1287 Latine,
714 1237 762 1275 in
784 1243 970 1290 quatuor
984 1233 1148 1274 Tomos
1168 1234 1310 1276 divisa
1324 1252 1336 1276 :
1365 1252 1454 1278 una
1476 1252 1575 1279 cum

273 1298 463 1341 Gilberti
487 1301 671 1355 Cognati
693 1313 737 1344 et
761 1303 948 1343 Joannis
980 1299 1187 1341 sambuci
1217 1302 1575 1345 adnotationibus

273 1368 545 1410 utilissimis:
588 1370 840 1411 narratione
865 1369 975 1408 item
1003 1366 1056 1407 de
1075 1368 1181 1409 Vita
1203 1379 1248 1410 et
1275 1369 1458 1426 Scriptis
1490 1385 1577 1412 au·-

273 1437 417 1477 thoris
431 1437 583 1478 Jacobi
601 1437 837 1488 Zuingeri3
869 1435 1049 1484 adjectis
1072 1448 1151 1476 suo
1174 1438 1269 1478 loco
1290 1436 1577 1478 Tractatuum

279 1505 500 1555 elenchis,
533 1514 577 1545 et
599 1519 747 1545 rerum
778 1519 826 1543 ac
859 1503 1100 1542 verborum
1128 1502 1370 1545 lodicibus.
1428 1504 1578 1545 Editio

277 1570 557 1612 nitidissima.
618 1570 836 1621 Basileae,
868 1583 947 1624 per
966 1567 1066 1608 Seb.
1090 1569 1386 1625 Henricpetri.
1447 1572 1501 1613 In
1519 1574 1582 1612 fi-

280 1652 337 1680 ne
361 1640 452 1679 vol.
472 1638 553 1679 IV.
575 1640 762 1690 legitur:
795 1636 980 1677 Basileac
994 1653 1063 1689 pet·
1084 1636 1173 1676 δεῖ).
1197 1637 1462 1691 Ηεηνίερείνί.
1491 1640 1583 1679 ‚An-

280 1724 333 1748 no
357 1707 421 1747 M.
453 1706 587 1747 DCII.
615 1723 741 1746 mense
775 1704 1003 1760 Sepicmhrc'.
1046 1726 1104 1735 -—
1141 1704 1290 1746 Editio
1318 1707 1479 1747 omissa
1507 1707 1582 1747 bia

279 1776 674 1831 bliograp11i5,nec
694 1775 789 1816 visa
812 1773 981 1812 Reitzio.

115 1880 224 1925 1615
283 1878 462 1928 Pfflisiis,
493 1878 571 1917 sol
600 1876 788 1918 Luciani
810 1874 1135 1916 samosatensis
1158 1874 1423 1929 Philosophi
1454 1874 1586 1930 Ope-

286 1960 332 1986 ra
366 1945 512 1984 omnia
543 1957 653 1999 quae
686 1951 875 1983 exstant.
937 1941 1045 1982 Cum
1078 1942 1239 1983 Latina
1262 1942 1436 1983 doctiss.
1459 1944 1590 1983 viro-

293 2027 393 2054 rum
415 2011 782 2065 interpretatione
800 2009 869 2049 Jo.
890 2008 1050 2047 Βοιιιιῖσ
1052 2008 1169 2048 Zoilus
1188 2024 1285 2050 cum
1305 2011 1436 2063 regiis
1451 2009 1587 2050 codd.

288 2080 473 2135 aliisque
493 2077 619 2118 MSS.
649 2076 856 2125 contulit,
888 2075 1156 2126 emendavit,
1188 2077 1424 2132 supplevit.
1484 2076 1592 2117 Ad-

290 2151 432 2199 jectae
456 2153 557 2186 sunt
584 2143 781 2195 ejusdem
801 2142 1077 2184 Bourdelotii
1093 2175 1103 2194 ,
1135 2142 1363 2183 Theodori
1385 2144 1590 2196 marcilii,

293 2214 483 2257 Gilberti
505 2210 688 2263 Cognati
712 2220 857 2251 notae.
918 2209 1026 2250 Cum
1059 2208 1204 2250 indice
1225 2211 1589 2265 locupletissimo·

291 2282 500 2326 Lutetiae
521 2278 654 2320 Paris.
678 2278 794 2335 apud
813 2278 1042 2319 Julianum
1061 2276 1276 2318 Bertault.
1307 2300 1364 2308 --
1403 2277 1594 2329 Elegans

299 2358 367 2391 est
386 2350 494 2389 haec
516 2347 674 2398 editio,
706 2361 837 2402 quam
866 2344 1144 2385 Bourchotius
1173 2345 1236 2385 ait
1261 2358 1308 2385 se
1338 2344 1597 2385 emendasse

305 2416 475 2458 collatis
511 2429 599 2454 non
640 2413 771 2454 modo
802 2412 1097 2463 editionibus,
1145 2411 1223 2453 sed
1263 2411 1433 2453 duobus
1467 2409 1595 2451 MSS.

303 2485 423 2526 Bibl.
444 2483 558 2535 regis
580 2481 764 2533 Galliae,
790 2489 833 2521 et
854 2481 987 2521 variis
1007 2480 1274 2520 lectionibus
1297 2477 1468 2519 Codicis
1481 2477 1599 2517 Tho·

303 2566 403 2594 mae
425 2550 603 2593 Linacri
620 2558 663 2590 et
681 2548 940 2590 Florentini.
1000 2547 1063 2587 At
1092 2549 1192 2585 Tan.
1218 2546 1341 2585 Faber
1363 2544 1417 2586 ad
1437 2545 1600 2583 Lucia—

308 2623 350 2660 ni
375 2618 611 2659 Timonem
632 2633 664 2658 c.
700 2620 737 2659 1.
769 2626 898 2668 negat
926 2630 973 2656 se
1001 2615 1153 2655 mirari
1185 2614 1290 2655 satis
1319 2626 1448 2670 posse
1480 2611 1600 2650 illius

311 2684 646 2743 impudentiam,
678 2686 753 2742 qui
773 2698 903 2726 ausus
925 2684 981 2724 sit
997 2683 1188 2738 posteris
1207 2682 1461 2737 imponere,
1490 2691 1603 2734 pro-f
