1778 3194
241 233 349 266 (τινι
492 223 1520 271 so.MATTH.GEsNER1'

239 333 366 372 velut
396 331 539 386 primo
577 333 715 374 missu
753 333 915 388 dapum
964 332 1260 374 Luciancarum
1299 334 1541 386 discedam,
1583 338 1706 387 juvat

239 399 387 454 paucis
410 415 461 440 ea
483 401 557 440 vel
575 401 690 457 apud
715 411 760 443 te
786 415 1128 443 commemorare
1143 432 1154 450 ‚
1186 404 1261 442 vel
1278 403 1361 442 tibi
1386 404 1706 456 commendare,
1767 428 1768 435 κ

242 481 354 522 quae
376 469 467 508 illis
496 472 715 524 partibus,
755 484 861 526 quas
889 472 937 510 in
952 471 1035 510 hoc
1058 483 1190 526 opere
1214 478 1343 526 atque
1359 485 1544 512 munere
1563 470 1707 512 adhuc

241 537 447 588 sustinui,
479 537 748 579 videbuntur
767 539 1079 590 conjunctiora.

358 636 468 677 Nam
494 637 547 679 de
570 640 666 696 ipso
698 639 906 681 Lucumo
937 639 1082 681 dicere
1107 649 1247 682 tolum
1268 642 1350 682 tibi
1363 643 1578 697 relinquo,
1606 654 1706 683 cum

240 706 320 746 vix
344 706 537 758 aliunde,
563 722 691 763 quam
716 722 772 748 ex
791 709 930 762 ipsius
948 710 1110 749 libellis
1132 710 1301 749 hauriri
1320 711 1504 766 possint,
1517 724 1628 766 quae
1651 708 1708 750 ad

238 776 384 830 ipsum
406 778 657 830 pertinent:
688 791 796 832 quos
820 778 903 817 tibi
923 778 985 819 ita
1012 785 1141 818 notos
1162 790 1281 828 esse,
1305 786 1354 818 ut
1373 775 1528 819 domus
1548 778 1706 833 cuique

241 851 308 884 est
331 857 422 896 sua,
445 843 636 900 adparet.
668 844 735 885 De
762 846 924 885 libellis
948 844 1207 900 quibusdam
1225 845 1331 900 quid
1352 846 1577 895 sentirem,
1597 858 1708 900 pas-

239 914 321 954 sim
342 917 453 965 jam,
488 913 540 952 de
570 912 867 968 Philopatride
890 915 1025 953 etiam
1043 915 1157 963 justa
1178 912 1499 969 disputatione,
1529 912 1706 954 indica-

238 985 297 1024 vi⁹
356 982 576 1032 Placetne,
609 981 663 1023 de
687 981 783 1022 aliis
811 979 1071 1035 quibusdam
1089 982 1161 1023 hic
1182 981 1377 1022 breviter
1394 983 1510 1023 ferre
1531 994 1602 1021 me
1616 981 1706 1020 suf-

239 1052 427 1102 fragium
443 1084 452 1102 ,
485 1063 593 1105 quos
616 1057 663 1090 tu
686 1050 876 1089 calculos
894 1051 1008 1089 forte
1039 1047 1094 1088 ad
1115 1048 1369 1101 Catalogum
1393 1049 1706 1103 opusculorum

238 1122 421 1162 referes.
475 1117 615 1171 Igitur

351 1220 548 1261 Amnes
580 1234 671 1260 non
698 1217 908 1260 videntur
938 1218 1113 1259 Luciam·
1140 1233 1251 1262 esse.
1312 1217 1425 1260 Sunt
1449 1225 1565 1259 certe
1587 1217 1707 1258 alte-

237 1289 329 1331 rius
355 1290 486 1343 plane
512 1287 796 1339 characteris,
830 1296 874 1327 et
894 1290 1034 1328 multo
1060 1288 1223 1339 magis,
1254 1299 1383 1342 quam
1405 1293 1470 1327 est
1490 1285 1586 1342 ipse
1607 1286 1707 1324 Lu·-

237 1360 394 1408 cianus,
413 1355 675 1412 Sophistici.

349 1457 576 1500 IMAGmEs
607 1465 766 1510 totum,
798 1466 986 1514 quantus
1011 1463 1100 1510 est,
1131 1457 1355 1496 Lucz'anum
1384 1455 1553 1511 spirant
1573 1463 1618 1495 et
1638 1467 1703 1495 re-

170 1562 174 1566 ,
235 1529 400 1569 ferunt.

349 1627 548 1669 Jurrrmt
592 1639 912 1679 conterat-rus,
956 1634 1000 1670 et
1026 1630 1138 1668 alter
1168 1627 1246 1667 ille
1278 1639 1545 1667 Tnaeonnus
1579 1626 1705 1666 mul-

236 1705 330 1738 tum
353 1697 465 1736 mihi
489 1694 699 1736 videntur
723 1695 775 1735 ad
804 1695 1087 1736 evertendam
1109 1695 1483 1751 superstitionem,
1505 1701 1550 1734 et
1568 1692 1703 1734 fidem

234 1764 316 1806 Dis
344 1765 433 1805 illis
463 1762 758 1816 abrogandam
790 1764 1041 1803 contulisse,
1108 1761 1352 1804 Ret'erendi
1381 1764 1431 1803 hi
1471 1761 1614 1802 libelli
1646 1758 1703 1803 ad
1730 1812 1734 1816 .

232 1831 476 1887 Apologias
499 1846 577 1886 pro
595 1833 809 1883 religione
828 1830 1089 1882 Christiana,
1111 1833 1389 1885 inquantum
1411 1831 1568 1869 harum
1583 1830 1703 1883 prin-

233 1914 333 1955 ceps
353 1902 447 1940 fere
470 1907 779 1952 argumentum
801 1907 888 1951 est,
917 1899 1143 1940 destruere
1165 1899 1526 1953 superstitionem
1544 1905 1589 1939 et
1612 1898 1699 1939 cul-

230 1976 326 2010 tum
346 1969 557 2010 Deorum.

345 2059 412 2100 Dr:
427 2059 730 2100 Asmonoom
750 2059 1011 2114 opusculum
1033 2059 1245 2099 imbecilli.
1266 2058 1458 2099 hominis
1479 2066 1523 2099 et
1547 2072 1695 2114 super-

228 2128 404 2180 stitiosi,
434 2142 523 2169 non
550 2128 685 2179 igitur
703 2127 895 2177 Luciani,
929 2127 1014 2167 nisi
1033 2134 1180 2166 tamen
1203 2126 1469 2178 imitatione,
1503 2135 1547 2166 et
1568 2128 1695 2168 velut

225 2198 411 2252 παρῳδίᾳ
440 2195 585 2236 ridere
616 2195 761 2235 voluit
796 2195 1154 2249 superstitiosum
1188 2195 1379 2250 aliquem
1416 2194 1692 2252 scriptorem,

226 2263 344 2321 quod
368 2265 502 2304 etiam
513 2259 698 2304 Ionismi
721 2261 957 2302 adfectatio
979 2260 1183 2302 ostendit.

339 2353 407 2395 DE
446 2352 547 2396 Dm
587 2351 736 2395 stau
775 2351 916 2404 idem,
946 2351 1064 2409 quod
1082 2351 1135 2393 de
1156 2353 1309 2393 libello
1341 2338 1396 2394 «ἦ
1423 2350 1692 2406 Astrologia,

225 2422 448 2463 existimo.

337 2511 478 2553 Aliud
498 2514 624 2554 velut
642 2520 773 2569 caput
796 2526 964 2565 eorum,
995 2526 1106 2568 quae
1127 2514 1199 2553 hic
1225 2528 1331 2555 ame
1353 2514 1598 2569 exspectari
1617 2512 1689 2554 de·

223 2581 346 2630 bent,
377 2589 481 2622 sunt
500 2582 830 2624 observationes
850 2580 1078 2636 quaedam,
1093 2596 1217 2638 quae,
1237 2581 1340 2623 dum
1358 2597 1563 2637 percurro
1583 2584 1688 2624 mis-

226 2660 297 2687 sas
322 2645 375 2686 ad
399 2662 470 2688 me
490 2650 659 2692 chartas
678 2653 896 2692 festinans
914 2651 1173 2705 plerumque
1200 2659 1242 2691 et
1265 2650 1362 2691 aliis
1386 2653 1515 2692 rebus
1536 2651 1687 2707 impe-

226 2712 359 2767 ditus,
389 2716 439 2757 in
457 2728 654 2762 mentem
672 2719 786 2763 mihi
810 2732 988 2762 venere.
1047 2715 1136 2761 Has
1153 2717 1209 2761 acl
1228 2726 1271 2760 te
1290 2720 1440 2773 mitto,
1470 2720 1687 2762 intexen-
