<?xml version="1.0" encoding="UTF-8"?>
<!DOCTYPE html PUBLIC "-//W3C//DTD XHTML 1.0 Transitional//EN"
    "http://www.w3.org/TR/xhtml1/DTD/xhtml1-transitional.dtd">
<html xmlns="http://www.w3.org/1999/xhtml" xml:lang="en" lang="en">
 <head>
  <title>
</title>
<meta http-equiv="Content-Type" content="text/html;charset=utf-8" />
  <meta name='ocr-system' content='tesseract 3.04.00' />
  <meta name='ocr-capabilities' content='ocr_page ocr_carea ocr_par ocr_line ocrx_word'/>
</head>
<body>
  <div class='ocr_page' id='page_1' title='image "./operagraecaetlat01luciuoft_0373.png"; bbox 0 0 1778 3194; ppageno 0'>
   <div class='ocr_carea' id='block_1_1' title="bbox 527 227 1553 276">
    <p class='ocr_par' dir='ltr' id='par_1_1' title="bbox 527 227 1553 276">
     <span class='ocr_line' id='line_1_1' title="bbox 527 227 1553 276; baseline -0.003 -4"><span class='ocrx_word' id='word_1_1' title='bbox 527 240 612 272; x_wconf 86' lang='lat' dir='ltr'><strong>IN</strong></span> <span class='ocrx_word' id='word_1_2' title='bbox 681 239 1111 271; x_wconf 67' lang='grc' dir='ltr'><strong>εοΜΝῙυΜ.</strong></span> <span class='ocrx_word' id='word_1_3' title='bbox 1449 227 1553 276; x_wconf 52' lang='grc'><strong>191(</strong></span> 
     </span>
    </p>
   </div>
   <div class='ocr_carea' id='block_1_2' title="bbox 21 336 1563 2821">
    <p class='ocr_par' dir='ltr' id='par_1_2' title="bbox 76 336 1551 620">
     <span class='ocr_line' id='line_1_2' title="bbox 79 336 1549 397; baseline -0.003 -15"><span class='ocrx_word' id='word_1_4' title='bbox 79 340 285 396; x_wconf 67' lang='lat' dir='ltr'><strong>dulcesque</strong></span> <span class='ocrx_word' id='word_1_5' title='bbox 306 339 531 397; x_wconf 74' lang='lat' dir='ltr'><strong>afoniibus</strong></span> <span class='ocrx_word' id='word_1_6' title='bbox 551 338 678 378; x_wconf 73' lang='lat' dir='ltr'><strong>undae</strong></span> <span class='ocrx_word' id='word_1_7' title='bbox 696 338 754 378; x_wconf 84' lang='lat' dir='ltr'><em>A</em></span> <span class='ocrx_word' id='word_1_8' title='bbox 745 337 770 376; x_wconf 80' lang='grc' dir='ltr'>Ζ</span> <span class='ocrx_word' id='word_1_9' title='bbox 784 336 941 392; x_wconf 81' lang='lat' dir='ltr'><strong>plenum</strong></span> <span class='ocrx_word' id='word_1_10' title='bbox 963 337 1172 380; x_wconf 75' lang='lat' dir='ltr'><strong>calcenmr.</strong></span> <span class='ocrx_word' id='word_1_11' title='bbox 1232 341 1411 381; x_wconf 80' lang='lat' dir='ltr'><strong>Bomm.</strong></span> <span class='ocrx_word' id='word_1_12' title='bbox 1470 339 1549 382; x_wconf 70' lang='lat' dir='ltr'><strong>Ad</strong></span> 
     </span>
     <span class='ocr_line' id='line_1_3' title="bbox 76 394 1545 465; baseline -0.003 -26"><span class='ocrx_word' id='word_1_13' title='bbox 76 399 246 454; x_wconf 78' lang='lat' dir='ltr'><strong>plenum.</strong></span> <span class='ocrx_word' id='word_1_14' title='bbox 286 399 313 432; x_wconf 87' lang='grc' dir='ltr'><em>Τ</em></span> <span class='ocrx_word' id='word_1_15' title='bbox 313 395 928 465; x_wconf 72' lang='lat' dir='ltr'><strong>i1·gil.II.Ge0rg.224.SIC</strong></span> <span class='ocrx_word' id='word_1_16' title='bbox 948 394 1014 437; x_wconf 84' lang='grc' dir='ltr'><strong>δια</strong></span> <span class='ocrx_word' id='word_1_17' title='bbox 1037 398 1183 445; x_wconf 69' lang='grc' dir='ltr'><strong>τέλους.</strong></span> <span class='ocrx_word' id='word_1_18' title='bbox 1215 398 1394 452; x_wconf 46' lang='grc' dir='ltr'><strong>Ειινίρίμῖ</strong></span> <span class='ocrx_word' id='word_1_19' title='bbox 1417 398 1545 438; x_wconf 83' lang='lat' dir='ltr'><strong>Herc.</strong></span> 
     </span>
     <span class='ocr_line' id='line_1_4' title="bbox 83 449 1546 520; baseline -0.002 -26"><span class='ocrx_word' id='word_1_20' title='bbox 83 456 166 497; x_wconf 80' lang='lat' dir='ltr'><strong>fur</strong></span> <span class='ocrx_word' id='word_1_21' title='bbox 187 458 238 497; x_wconf 85' lang='grc' dir='ltr'><strong>Οι</strong></span> <span class='ocrx_word' id='word_1_22' title='bbox 255 451 284 495; x_wconf 87' lang='grc' dir='ltr'><strong>τ’</strong></span> <span class='ocrx_word' id='word_1_23' title='bbox 306 450 566 520; x_wconf 71' lang='grc' dir='ltr'><strong>εὐτυχοῦντες</strong></span> <span class='ocrx_word' id='word_1_24' title='bbox 575 449 639 494; x_wconf 82' lang='grc' dir='ltr'><strong>δια</strong></span> <span class='ocrx_word' id='word_1_25' title='bbox 655 453 791 500; x_wconf 78' lang='grc' dir='ltr'><em>τέλους</em></span> <span class='ocrx_word' id='word_1_26' title='bbox 809 468 883 493; x_wconf 86' lang='grc' dir='ltr'><strong>ουκ</strong></span> <span class='ocrx_word' id='word_1_27' title='bbox 902 449 1287 520; x_wconf 66' lang='lat' dir='ltr'><strong>evrv7329.SoLA1&lt;.</strong></span> <span class='ocrx_word' id='word_1_28' title='bbox 1326 453 1546 509; x_wconf 79' lang='lat' dir='ltr'><strong>Id.Iphig,</strong></span> 
     </span>
     <span class='ocr_line' id='line_1_5' title="bbox 79 505 1551 563; baseline 0 -13"><span class='ocrx_word' id='word_1_29' title='bbox 79 512 180 552; x_wconf 91' lang='lat' dir='ltr'><strong>Aul.</strong></span> <span class='ocrx_word' id='word_1_30' title='bbox 207 516 299 555; x_wconf 84' lang='lat'><strong>161.</strong></span> <span class='ocrx_word' id='word_1_31' title='bbox 336 514 499 563; x_wconf 80' lang='grc' dir='ltr'><em>Θνητῶν</em></span> <span class='ocrx_word' id='word_1_32' title='bbox 529 505 566 551; x_wconf 85' lang='grc' dir='ltr'><strong>δ’</strong></span> <span class='ocrx_word' id='word_1_33' title='bbox 600 505 734 562; x_wconf 74' lang='grc' dir='ltr'><em>ὄλβιος</em></span> <span class='ocrx_word' id='word_1_34' title='bbox 762 510 818 558; x_wconf 83' lang='grc' dir='ltr'><strong>εἰς</strong></span> <span class='ocrx_word' id='word_1_35' title='bbox 848 508 954 558; x_wconf 76' lang='grc' dir='ltr'><em>τέλος</em></span> <span class='ocrx_word' id='word_1_36' title='bbox 985 505 1128 559; x_wconf 81' lang='grc' dir='ltr'><strong>οὗοείς.</strong></span> <span class='ocrx_word' id='word_1_37' title='bbox 1159 510 1256 551; x_wconf 83' lang='lat' dir='ltr'><strong>Vid.</strong></span> <span class='ocrx_word' id='word_1_38' title='bbox 1290 511 1462 551; x_wconf 51' lang='lat' dir='ltr'><strong>Dora-ill.</strong></span> <span class='ocrx_word' id='word_1_39' title='bbox 1495 509 1551 550; x_wconf 79' lang='lat' dir='ltr'><strong>ad</strong></span> 
     </span>
     <span class='ocr_line' id='line_1_6' title="bbox 81 567 611 620; baseline -0.01 -12"><span class='ocrx_word' id='word_1_40' title='bbox 81 568 246 608; x_wconf 84' lang='lat' dir='ltr'><strong>charit.</strong></span> <span class='ocrx_word' id='word_1_41' title='bbox 267 582 309 620; x_wconf 81' lang='lat' dir='ltr'><strong>p.</strong></span> <span class='ocrx_word' id='word_1_42' title='bbox 331 572 424 612; x_wconf 79' lang='lat'><strong>479</strong></span> <span class='ocrx_word' id='word_1_43' title='bbox 454 567 611 605; x_wconf 58' lang='lat' dir='ltr'><strong>Lama.</strong></span> 
     </span>
    </p>

    <p class='ocr_par' dir='ltr' id='par_1_3' title="bbox 21 617 1563 2821">
     <span class='ocr_line' id='line_1_7' title="bbox 197 617 1551 677; baseline -0.002 -14"><span class='ocrx_word' id='word_1_44' title='bbox 197 624 445 667; x_wconf 74' lang='lat' dir='ltr'><strong>Ead.1.12.</strong></span> <span class='ocrx_word' id='word_1_45' title='bbox 482 620 624 677; x_wconf 76' lang='grc' dir='ltr'><em>Αὐτὴ)</em></span> <span class='ocrx_word' id='word_1_46' title='bbox 646 622 727 661; x_wconf 90' lang='lat' dir='ltr'><strong>Pro</strong></span> <span class='ocrx_word' id='word_1_47' title='bbox 749 617 847 676; x_wconf 66' lang='grc' dir='ltr'><strong>αὐτὴ</strong></span> <span class='ocrx_word' id='word_1_48' title='bbox 868 631 1032 662; x_wconf 83' lang='lat' dir='ltr'><strong>mutato</strong></span> <span class='ocrx_word' id='word_1_49' title='bbox 1053 622 1209 676; x_wconf 80' lang='lat' dir='ltr'><strong>spiritu</strong></span> <span class='ocrx_word' id='word_1_50' title='bbox 1229 632 1270 663; x_wconf 81' lang='lat' dir='ltr'><strong>et</strong></span> <span class='ocrx_word' id='word_1_51' title='bbox 1293 633 1472 663; x_wconf 85' lang='lat' dir='ltr'><strong>accentu</strong></span> <span class='ocrx_word' id='word_1_52' title='bbox 1491 627 1551 664; x_wconf 84' lang='lat' dir='ltr'><strong>le-</strong></span> 
     </span>
     <span class='ocr_line' id='line_1_8' title="bbox 79 678 1552 745; baseline 0.001 -26.001"><span class='ocrx_word' id='word_1_53' title='bbox 79 681 211 736; x_wconf 83' lang='lat' dir='ltr'><strong>ge1im</strong></span> <span class='ocrx_word' id='word_1_54' title='bbox 233 679 347 734; x_wconf 75' lang='grc' dir='ltr'><strong>αὕτη.</strong></span> <span class='ocrx_word' id='word_1_55' title='bbox 378 679 421 718; x_wconf 87' lang='lat' dir='ltr'><strong>id</strong></span> <span class='ocrx_word' id='word_1_56' title='bbox 455 693 634 745; x_wconf 79' lang='lat' dir='ltr'><strong>namque</strong></span> <span class='ocrx_word' id='word_1_57' title='bbox 665 681 705 720; x_wconf 68' lang='grc' dir='ltr'><strong>ὃς</strong></span> <span class='ocrx_word' id='word_1_58' title='bbox 709 678 981 731; x_wconf 78' lang='grc' dir='ltr'><strong>ικτικώτερον.</strong></span> <span class='ocrx_word' id='word_1_59' title='bbox 1037 680 1188 719; x_wconf 77' lang='lat' dir='ltr'><strong><em>Etenim</em></strong></span> <span class='ocrx_word' id='word_1_60' title='bbox 1209 692 1359 735; x_wconf 76' lang='lat' dir='ltr'><strong>quanta</strong></span> <span class='ocrx_word' id='word_1_61' title='bbox 1375 683 1428 718; x_wconf 75' lang='lat' dir='ltr'><strong>sis</strong></span> <span class='ocrx_word' id='word_1_62' title='bbox 1448 697 1552 720; x_wconf 84' lang='lat' dir='ltr'><strong>con-</strong></span> 
     </span>
     <span class='ocr_line' id='line_1_9' title="bbox 77 733 1552 805; baseline -0.001 -28"><span class='ocrx_word' id='word_1_63' title='bbox 77 749 277 778; x_wconf 80' lang='lat' dir='ltr'><strong>secuturus</strong></span> <span class='ocrx_word' id='word_1_64' title='bbox 300 738 422 786; x_wconf 76' lang='lat' dir='ltr'><strong>bona,</strong></span> <span class='ocrx_word' id='word_1_65' title='bbox 455 737 670 775; x_wconf 77' lang='lat' dir='ltr'><strong><em>statuarius</em></strong></span> <span class='ocrx_word' id='word_1_66' title='bbox 683 735 849 791; x_wconf 74' lang='lat' dir='ltr'><strong>factus,</strong></span> <span class='ocrx_word' id='word_1_67' title='bbox 881 735 957 776; x_wconf 78' lang='lat' dir='ltr'><strong>illa</strong></span> <span class='ocrx_word' id='word_1_68' title='bbox 992 733 1024 793; x_wconf 85' lang='lat'>(</span> <span class='ocrx_word' id='word_1_69' title='bbox 1031 736 1354 805; x_wconf 73' lang='grc' dir='ltr'><em>Εομογλυφικη)</em></span> <span class='ocrx_word' id='word_1_70' title='bbox 1385 748 1474 775; x_wconf 79' lang='lat' dir='ltr'><strong>ante</strong></span> <span class='ocrx_word' id='word_1_71' title='bbox 1492 754 1552 776; x_wconf 83' lang='lat' dir='ltr'><strong>me</strong></span> 
     </span>
     <span class='ocr_line' id='line_1_10' title="bbox 79 790 1552 848; baseline 0 -14"><span class='ocrx_word' id='word_1_72' title='bbox 79 797 275 848; x_wconf 73' lang='lat' dir='ltr'><em>exposuit</em></span> <span class='ocrx_word' id='word_1_73' title='bbox 320 793 435 832; x_wconf 88' lang='lat' dir='ltr'><strong>Idem</strong></span> <span class='ocrx_word' id='word_1_74' title='bbox 460 791 664 831; x_wconf 85' lang='lat' dir='ltr'><strong>fecerim</strong></span> <span class='ocrx_word' id='word_1_75' title='bbox 651 806 696 830; x_wconf 84' lang='lat' dir='ltr'><strong>m</strong></span> <span class='ocrx_word' id='word_1_76' title='bbox 725 794 860 832; x_wconf 87' lang='lat' dir='ltr'><strong>Deor.</strong></span> <span class='ocrx_word' id='word_1_77' title='bbox 896 793 1014 835; x_wconf 84' lang='lat' dir='ltr'><strong>Dial.</strong></span> <span class='ocrx_word' id='word_1_78' title='bbox 1034 793 1091 832; x_wconf 85' lang='lat' dir='ltr'><strong>Ir.</strong></span> <span class='ocrx_word' id='word_1_79' title='bbox 1124 804 1165 833; x_wconf 91' lang='lat' dir='ltr'><strong>et</strong></span> <span class='ocrx_word' id='word_1_80' title='bbox 1184 794 1315 847; x_wconf 83' lang='lat' dir='ltr'><strong>Nept.</strong></span> <span class='ocrx_word' id='word_1_81' title='bbox 1341 790 1552 834; x_wconf 79' lang='grc' dir='ltr'><strong>Ητοίνυν</strong></span> 
     </span>
     <span class='ocr_line' id='line_1_11' title="bbox 77 846 1553 905; baseline -0.003 -13"><span class='ocrx_word' id='word_1_82' title='bbox 77 865 204 903; x_wconf 82' lang='grc' dir='ltr'><em>νησος</em></span> <span class='ocrx_word' id='word_1_83' title='bbox 226 849 326 902; x_wconf 79' lang='grc' dir='ltr'><strong><em>αὕτη</em></strong></span> <span class='ocrx_word' id='word_1_84' title='bbox 358 846 563 901; x_wconf 70' lang='grc' dir='ltr'><strong>ἀνώμοτός</strong></span> <span class='ocrx_word' id='word_1_85' title='bbox 582 850 682 890; x_wconf 80' lang='grc' dir='ltr'><strong>ἐστι·</strong></span> <span class='ocrx_word' id='word_1_86' title='bbox 715 852 845 903; x_wconf 86' lang='lat' dir='ltr'><strong>vulgo</strong></span> <span class='ocrx_word' id='word_1_87' title='bbox 868 846 967 902; x_wconf 81' lang='grc' dir='ltr'><strong><em>αυτὴ</em></strong></span> <span class='ocrx_word' id='word_1_88' title='bbox 993 849 1174 905; x_wconf 75' lang='lat' dir='ltr'><strong>legitur:</strong></span> <span class='ocrx_word' id='word_1_89' title='bbox 1210 849 1326 904; x_wconf 86' lang='lat' dir='ltr'><strong>quod</strong></span> <span class='ocrx_word' id='word_1_90' title='bbox 1349 865 1442 888; x_wconf 88' lang='lat' dir='ltr'><strong>cum</strong></span> <span class='ocrx_word' id='word_1_91' title='bbox 1464 853 1553 903; x_wconf 77' lang='lat' dir='ltr'><strong>ipsa</strong></span> 
     </span>
     <span class='ocr_line' id='line_1_12' title="bbox 80 905 1553 959; baseline -0.001 -14"><span class='ocrx_word' id='word_1_92' title='bbox 80 916 227 956; x_wconf 83' lang='lat' dir='ltr'><strong>notet,</strong></span> <span class='ocrx_word' id='word_1_93' title='bbox 272 906 476 946; x_wconf 87' lang='lat' dir='ltr'><strong>convenit</strong></span> <span class='ocrx_word' id='word_1_94' title='bbox 506 905 579 943; x_wconf 83' lang='lat' dir='ltr'><strong>isti</strong></span> <span class='ocrx_word' id='word_1_95' title='bbox 607 907 731 956; x_wconf 90' lang='lat' dir='ltr'><strong>loco,</strong></span> <span class='ocrx_word' id='word_1_96' title='bbox 774 916 823 944; x_wconf 91' lang='lat' dir='ltr'><strong>ut</strong></span> <span class='ocrx_word' id='word_1_97' title='bbox 856 921 909 945; x_wconf 84' lang='lat' dir='ltr'><strong>ex</strong></span> <span class='ocrx_word' id='word_1_98' title='bbox 936 915 1028 945; x_wconf 91' lang='lat' dir='ltr'><strong>toto</strong></span> <span class='ocrx_word' id='word_1_99' title='bbox 1063 906 1409 959; x_wconf 83' lang='lat' dir='ltr'><strong>praecedentium</strong></span> <span class='ocrx_word' id='word_1_100' title='bbox 1441 921 1553 944; x_wconf 90' lang='lat' dir='ltr'><strong>con-</strong></span> 
     </span>
     <span class='ocr_line' id='line_1_13' title="bbox 21 962 1552 1015; baseline 0.001 -16"><span class='ocrx_word' id='word_1_101' title='bbox 21 985 23 999; x_wconf 58' lang='lat'><em>2</em></span> <span class='ocrx_word' id='word_1_102' title='bbox 79 973 202 1003; x_wconf 72' lang='lat' dir='ltr'><strong>textu</strong></span> <span class='ocrx_word' id='word_1_103' title='bbox 222 965 378 1002; x_wconf 88' lang='lat' dir='ltr'><strong>clarum</strong></span> <span class='ocrx_word' id='word_1_104' title='bbox 396 970 472 1002; x_wconf 85' lang='lat' dir='ltr'><strong>est.</strong></span> <span class='ocrx_word' id='word_1_105' title='bbox 531 963 671 1001; x_wconf 84' lang='lat' dir='ltr'>Recte</span> <span class='ocrx_word' id='word_1_106' title='bbox 692 971 830 1002; x_wconf 89' lang='lat' dir='ltr'><strong>autem</strong></span> <span class='ocrx_word' id='word_1_107' title='bbox 862 962 907 1001; x_wconf 83' lang='lat' dir='ltr'><strong>id</strong></span> <span class='ocrx_word' id='word_1_108' title='bbox 940 962 1209 1002; x_wconf 86' lang='lat' dir='ltr'><strong>observatum</strong></span> <span class='ocrx_word' id='word_1_109' title='bbox 1239 963 1284 1000; x_wconf 88' lang='lat' dir='ltr'><strong>in</strong></span> <span class='ocrx_word' id='word_1_110' title='bbox 1310 962 1552 1015; x_wconf 81' lang='lat' dir='ltr'><strong>Contempl.</strong></span> 
     </span>
     <span class='ocr_line' id='line_1_14' title="bbox 80 1017 1556 1087; baseline -0.001 -26"><span class='ocrx_word' id='word_1_111' title='bbox 80 1023 122 1071; x_wconf 65' lang='grc'><strong>9.</strong></span> <span class='ocrx_word' id='word_1_112' title='bbox 151 1025 214 1064; x_wconf 82' lang='lat'><strong>13-</strong></span> <span class='ocrx_word' id='word_1_113' title='bbox 248 1017 466 1087; x_wconf 54' lang='lat' dir='ltr'><strong>Tcdnvqtg&#39;</strong></span> <span class='ocrx_word' id='word_1_114' title='bbox 449 1021 579 1087; x_wconf 81' lang='grc' dir='ltr'><em>εκείνη</em></span> <span class='ocrx_word' id='word_1_115' title='bbox 601 1020 702 1060; x_wconf 77' lang='grc' dir='ltr'><strong>ἐστί·</strong></span> <span class='ocrx_word' id='word_1_116' title='bbox 733 1020 802 1060; x_wconf 81' lang='grc' dir='ltr'><strong>καὶ</strong></span> <span class='ocrx_word' id='word_1_117' title='bbox 829 1017 902 1073; x_wconf 86' lang='grc' dir='ltr'><strong>τὴν</strong></span> <span class='ocrx_word' id='word_1_118' title='bbox 932 1018 1116 1072; x_wconf 79' lang='grc' dir='ltr'><em>κεφαλήν</em></span> <span class='ocrx_word' id='word_1_119' title='bbox 1139 1037 1184 1075; x_wconf 76' lang='grc' dir='ltr'><strong>γε</strong></span> <span class='ocrx_word' id='word_1_120' title='bbox 1204 1017 1463 1072; x_wconf 76' lang='grc' dir='ltr'><em>αποτεμοιῖσα</em></span> <span class='ocrx_word' id='word_1_121' title='bbox 1478 1022 1556 1060; x_wconf 78' lang='grc' dir='ltr'><strong>τοῦ</strong></span> 
     </span>
     <span class='ocr_line' id='line_1_15' title="bbox 82 1072 1550 1146; baseline -0.003 -29"><span class='ocrx_word' id='word_1_122' title='bbox 82 1074 224 1130; x_wconf 79' lang='grc' dir='ltr'><em>Κύρου</em></span> <span class='ocrx_word' id='word_1_123' title='bbox 246 1073 371 1129; x_wconf 72' lang='grc' dir='ltr'><strong>αὕτη,</strong></span> <span class='ocrx_word' id='word_1_124' title='bbox 403 1078 457 1125; x_wconf 78' lang='grc' dir='ltr'><strong>εἷς</strong></span> <span class='ocrx_word' id='word_1_125' title='bbox 484 1072 610 1118; x_wconf 74' lang='grc' dir='ltr'><em>ἆσκὸν</em></span> <span class='ocrx_word' id='word_1_126' title='bbox 638 1077 801 1146; x_wconf 23' lang='grc' dir='ltr'><em>ἔμβραλ</em></span> <span class='ocrx_word' id='word_1_127' title='bbox 767 1093 797 1117; x_wconf 82' lang='grc' dir='ltr'><em>ι</em></span> <span class='ocrx_word' id='word_1_128' title='bbox 815 1075 952 1145; x_wconf 76' lang='grc' dir='ltr'><em>πλήοη</em></span> <span class='ocrx_word' id='word_1_129' title='bbox 979 1078 1156 1145; x_wconf 76' lang='grc' dir='ltr'><strong>αι’ματος,</strong></span> <span class='ocrx_word' id='word_1_130' title='bbox 1186 1087 1228 1116; x_wconf 92' lang='lat' dir='ltr'><strong>et</strong></span> <span class='ocrx_word' id='word_1_131' title='bbox 1248 1076 1294 1115; x_wconf 90' lang='lat' dir='ltr'><strong>iu</strong></span> <span class='ocrx_word' id='word_1_132' title='bbox 1328 1076 1438 1115; x_wconf 62' lang='lat' dir='ltr'><strong>Rex</strong></span> <span class='ocrx_word' id='word_1_133' title='bbox 1428 1090 1550 1114; x_wconf 82' lang='lat' dir='ltr'><strong>1V1sc</strong></span> 
     </span>
     <span class='ocr_line' id='line_1_16' title="bbox 80 1129 1556 1197; baseline -0.003 -21"><span class='ocrx_word' id='word_1_134' title='bbox 80 1137 121 1182; x_wconf 67' lang='lat'><strong>§-</strong></span> <span class='ocrx_word' id='word_1_135' title='bbox 149 1138 212 1176; x_wconf 83' lang='lat'><strong>16</strong></span> <span class='ocrx_word' id='word_1_136' title='bbox 242 1136 353 1181; x_wconf 74' lang='grc' dir='ltr'><em>Τίνες</em></span> <span class='ocrx_word' id='word_1_137' title='bbox 374 1135 417 1175; x_wconf 80' lang='grc' dir='ltr'><strong>δέ</strong></span> <span class='ocrx_word' id='word_1_138' title='bbox 443 1135 538 1184; x_wconf 64' lang='grc' dir='ltr'><strong>εἵως</strong></span> <span class='ocrx_word' id='word_1_139' title='bbox 569 1165 579 1176; x_wconf 93' lang='grc'><strong>.</strong></span> <span class='ocrx_word' id='word_1_140' title='bbox 611 1165 620 1174; x_wconf 92' lang='grc'><strong>.</strong></span> <span class='ocrx_word' id='word_1_141' title='bbox 653 1165 662 1174; x_wconf 87' lang='grc'><strong>.</strong></span> <span class='ocrx_word' id='word_1_142' title='bbox 695 1150 765 1173; x_wconf 67' lang='lat' dir='ltr'><strong>ocos</strong></span> <span class='ocrx_word' id='word_1_143' title='bbox 750 1131 814 1185; x_wconf 73' lang='grc' dir='ltr'><strong>τὴ</strong></span> <span class='ocrx_word' id='word_1_144' title='bbox 836 1133 906 1186; x_wconf 77' lang='grc' dir='ltr'><strong>μὲν</strong></span> <span class='ocrx_word' id='word_1_145' title='bbox 926 1151 952 1186; x_wconf 70' lang='grc'><strong>11</strong></span> <span class='ocrx_word' id='word_1_146' title='bbox 983 1129 1193 1186; x_wconf 65' lang='grc' dir='ltr'><em>ἀνδρώδης</em></span> <span class='ocrx_word' id='word_1_147' title='bbox 1224 1150 1350 1186; x_wconf 56' lang='lat' dir='ltr'><strong>evm),</strong></span> <span class='ocrx_word' id='word_1_148' title='bbox 1392 1147 1556 1197; x_wconf 74' lang='grc' dir='ltr'><em>σωφρο-</em></span> 
     </span>
     <span class='ocr_line' id='line_1_17' title="bbox 25 1187 1556 1258; baseline -0.003 -27"><span class='ocrx_word' id='word_1_149' title='bbox 25 1219 27 1222; x_wconf 91' lang='grc'>-</span> <span class='ocrx_word' id='word_1_150' title='bbox 82 1187 183 1242; x_wconf 80' lang='grc' dir='ltr'><strong>σὺνη</strong></span> <span class='ocrx_word' id='word_1_151' title='bbox 216 1191 258 1231; x_wconf 78' lang='grc' dir='ltr'><strong>δὲ</strong></span> <span class='ocrx_word' id='word_1_152' title='bbox 285 1191 416 1242; x_wconf 79' lang='grc' dir='ltr'><em>ἐκείνη</em></span> <span class='ocrx_word' id='word_1_153' title='bbox 452 1221 461 1230; x_wconf 90' lang='grc'><strong>.</strong></span> <span class='ocrx_word' id='word_1_154' title='bbox 496 1221 506 1230; x_wconf 91' lang='grc'><strong>.</strong></span> <span class='ocrx_word' id='word_1_155' title='bbox 541 1220 550 1229; x_wconf 92' lang='grc'><strong>.</strong></span> <span class='ocrx_word' id='word_1_156' title='bbox 585 1206 610 1241; x_wconf 67' lang='lat' dir='ltr'><strong>o]</strong></span> <span class='ocrx_word' id='word_1_157' title='bbox 642 1187 801 1243; x_wconf 74' lang='grc' dir='ltr'><strong>(Ξμυόοα</strong></span> <span class='ocrx_word' id='word_1_158' title='bbox 846 1191 888 1232; x_wconf 81' lang='grc' dir='ltr'><strong>δὲ</strong></span> <span class='ocrx_word' id='word_1_159' title='bbox 920 1188 1030 1243; x_wconf 76' lang='grc' dir='ltr'><strong>αὕτη.</strong></span> <span class='ocrx_word' id='word_1_160' title='bbox 1088 1191 1148 1228; x_wconf 91' lang='lat' dir='ltr'><strong>At</strong></span> <span class='ocrx_word' id='word_1_161' title='bbox 1177 1193 1285 1229; x_wconf 90' lang='lat' dir='ltr'><strong>male</strong></span> <span class='ocrx_word' id='word_1_162' title='bbox 1310 1190 1476 1258; x_wconf 56' lang='lat' dir='ltr'><strong>3ite1um</strong></span> <span class='ocrx_word' id='word_1_163' title='bbox 1507 1189 1556 1227; x_wconf 83' lang='lat' dir='ltr'><strong>in.</strong></span> 
     </span>
     <span class='ocr_line' id='line_1_18' title="bbox 81 1243 1556 1300; baseline 0 -13"><span class='ocrx_word' id='word_1_164' title='bbox 81 1245 299 1287; x_wconf 79' lang='lat' dir='ltr'><strong>Prometh.</strong></span> <span class='ocrx_word' id='word_1_165' title='bbox 332 1245 416 1294; x_wconf 81' lang='grc' dir='ltr'><strong>Δὸς</strong></span> <span class='ocrx_word' id='word_1_166' title='bbox 433 1247 501 1287; x_wconf 75' lang='grc' dir='ltr'><strong>καὶ</strong></span> <span class='ocrx_word' id='word_1_167' title='bbox 535 1262 650 1298; x_wconf 76' lang='grc' dir='ltr'><strong>την</strong></span> <span class='ocrx_word' id='word_1_168' title='bbox 637 1247 692 1286; x_wconf 63' lang='lat' dir='ltr'><strong>{re</strong></span> <span class='ocrx_word' id='word_1_169' title='bbox 685 1247 771 1296; x_wconf 75' lang='grc' dir='ltr'><strong>’ραν</strong></span> <span class='ocrx_word' id='word_1_170' title='bbox 791 1248 817 1295; x_wconf 94' lang='grc'>(</span> <span class='ocrx_word' id='word_1_171' title='bbox 828 1264 865 1299; x_wconf 79' lang='grc' dir='ltr'>χ</span> <span class='ocrx_word' id='word_1_172' title='bbox 851 1245 964 1300; x_wconf 81' lang='grc' dir='ltr'><em>εἷοα)</em></span> <span class='ocrx_word' id='word_1_173' title='bbox 984 1262 1076 1287; x_wconf 75' lang='grc' dir='ltr'><strong>κατε</strong></span> <span class='ocrx_word' id='word_1_174' title='bbox 1080 1243 1245 1298; x_wconf 80' lang='grc' dir='ltr'><em>ιληφθω</em></span> <span class='ocrx_word' id='word_1_175' title='bbox 1281 1263 1324 1288; x_wconf 85' lang='grc' dir='ltr'><strong>ευ</strong></span> <span class='ocrx_word' id='word_1_176' title='bbox 1352 1244 1458 1298; x_wconf 62' lang='lat' dir='ltr'><strong>neila</strong></span> <span class='ocrx_word' id='word_1_177' title='bbox 1487 1246 1556 1287; x_wconf 79' lang='grc' dir='ltr'><strong>καὶ</strong></span> 
     </span>
     <span class='ocr_line' id='line_1_19' title="bbox 81 1298 1556 1356; baseline 0 -13"><span class='ocrx_word' id='word_1_178' title='bbox 81 1298 208 1354; x_wconf 75' lang='grc' dir='ltr'><strong>αὕτη·</strong></span> <span class='ocrx_word' id='word_1_179' title='bbox 240 1301 312 1340; x_wconf 83' lang='lat' dir='ltr'><strong>sed</strong></span> <span class='ocrx_word' id='word_1_180' title='bbox 333 1301 604 1341; x_wconf 85' lang='lat' dir='ltr'><strong>scribendum</strong></span> <span class='ocrx_word' id='word_1_181' title='bbox 631 1300 756 1353; x_wconf 75' lang='grc' dir='ltr'><strong>αὕτη·</strong></span> <span class='ocrx_word' id='word_1_182' title='bbox 789 1303 905 1356; x_wconf 80' lang='lat' dir='ltr'><strong>quod</strong></span> <span class='ocrx_word' id='word_1_183' title='bbox 925 1303 1196 1356; x_wconf 86' lang='lat' dir='ltr'><strong>perspicuum</strong></span> <span class='ocrx_word' id='word_1_184' title='bbox 1221 1312 1297 1342; x_wconf 88' lang='lat' dir='ltr'><strong>est.</strong></span> <span class='ocrx_word' id='word_1_185' title='bbox 1346 1304 1428 1342; x_wconf 85' lang='lat' dir='ltr'><strong>Pro</strong></span> <span class='ocrx_word' id='word_1_186' title='bbox 1453 1301 1556 1355; x_wconf 73' lang='grc' dir='ltr'><strong>αὕτη</strong></span> 
     </span>
     <span class='ocr_line' id='line_1_20' title="bbox 83 1356 1558 1412; baseline 0.001 -15"><span class='ocrx_word' id='word_1_187' title='bbox 83 1357 197 1411; x_wconf 87' lang='lat' dir='ltr'><strong>apud</strong></span> <span class='ocrx_word' id='word_1_188' title='bbox 220 1358 480 1410; x_wconf 85' lang='lat' dir='ltr'><strong>Aeschylum</strong></span> <span class='ocrx_word' id='word_1_189' title='bbox 511 1358 556 1397; x_wconf 87' lang='lat' dir='ltr'><strong>in</strong></span> <span class='ocrx_word' id='word_1_190' title='bbox 586 1357 670 1397; x_wconf 88' lang='lat' dir='ltr'><strong>hoc</strong></span> <span class='ocrx_word' id='word_1_191' title='bbox 700 1358 954 1398; x_wconf 86' lang='lat' dir='ltr'><strong>Prometheo</strong></span> <span class='ocrx_word' id='word_1_192' title='bbox 979 1374 1019 1399; x_wconf 90' lang='lat' dir='ltr'><strong>v.</strong></span> <span class='ocrx_word' id='word_1_193' title='bbox 1047 1364 1114 1402; x_wconf 86' lang='lat'><strong>61.</strong></span> <span class='ocrx_word' id='word_1_194' title='bbox 1147 1359 1305 1412; x_wconf 76' lang='lat' dir='ltr'><strong>legitur</strong></span> <span class='ocrx_word' id='word_1_195' title='bbox 1334 1356 1426 1412; x_wconf 67' lang='grc' dir='ltr'><strong>η’ὂε·</strong></span> <span class='ocrx_word' id='word_1_196' title='bbox 1459 1374 1558 1398; x_wconf 88' lang='lat' dir='ltr'><strong>nam</strong></span> 
     </span>
     <span class='ocr_line' id='line_1_21' title="bbox 83 1413 1558 1468; baseline 0.002 -15"><span class='ocrx_word' id='word_1_197' title='bbox 83 1415 407 1453; x_wconf 78' lang='lat' dir='ltr'><strong>cumVulcanus</strong></span> <span class='ocrx_word' id='word_1_198' title='bbox 429 1419 606 1453; x_wconf 85' lang='lat' dir='ltr'><strong>alterum</strong></span> <span class='ocrx_word' id='word_1_199' title='bbox 619 1414 861 1454; x_wconf 87' lang='lat' dir='ltr'>Promethei</span> <span class='ocrx_word' id='word_1_200' title='bbox 884 1414 1103 1455; x_wconf 83' lang='lat' dir='ltr'>brachium</span> <span class='ocrx_word' id='word_1_201' title='bbox 1124 1416 1350 1464; x_wconf 79' lang='lat' dir='ltr'>vinxisset,</span> <span class='ocrx_word' id='word_1_202' title='bbox 1377 1416 1436 1454; x_wconf 84' lang='lat' dir='ltr'><strong>ait</strong></span> <span class='ocrx_word' id='word_1_203' title='bbox 1450 1413 1558 1468; x_wconf 75' lang='grc' dir='ltr'><em>Κρά-</em></span> 
     </span>
     <span class='ocr_line' id='line_1_22' title="bbox 81 1468 1560 1526; baseline -0.001 -15"><span class='ocrx_word' id='word_1_204' title='bbox 81 1488 170 1519; x_wconf 83' lang='grc' dir='ltr'><strong>τος,</strong></span> <span class='ocrx_word' id='word_1_205' title='bbox 207 1472 286 1511; x_wconf 84' lang='grc' dir='ltr'><strong>Καὶ</strong></span> <span class='ocrx_word' id='word_1_206' title='bbox 311 1469 428 1523; x_wconf 74' lang='grc' dir='ltr'><em>τήνδε</em></span> <span class='ocrx_word' id='word_1_207' title='bbox 459 1468 665 1524; x_wconf 58' lang='grc' dir='ltr'><em>(ωΆὲνην)</em></span> <span class='ocrx_word' id='word_1_208' title='bbox 691 1476 764 1512; x_wconf 80' lang='grc' dir='ltr'><strong>νῦν</strong></span> <span class='ocrx_word' id='word_1_209' title='bbox 793 1470 1007 1526; x_wconf 79' lang='grc' dir='ltr'><em>πόρπασον</em></span> <span class='ocrx_word' id='word_1_210' title='bbox 1039 1469 1244 1524; x_wconf 68' lang='grc' dir='ltr'><strong>ἆσφτιλως.</strong></span> <span class='ocrx_word' id='word_1_211' title='bbox 1275 1472 1398 1512; x_wconf 65' lang='grc' dir='ltr'><strong>ῙΕΝΞ.</strong></span> <span class='ocrx_word' id='word_1_212' title='bbox 1468 1473 1560 1511; x_wconf 81' lang='lat' dir='ltr'><strong>Jen-</strong></span> 
     </span>
     <span class='ocr_line' id='line_1_23' title="bbox 83 1525 1558 1581; baseline 0.001 -15"><span class='ocrx_word' id='word_1_213' title='bbox 83 1530 164 1566; x_wconf 79' lang='lat' dir='ltr'><strong>sius</strong></span> <span class='ocrx_word' id='word_1_214' title='bbox 193 1525 305 1579; x_wconf 74' lang='grc' dir='ltr'><strong>αὕτη.</strong></span> <span class='ocrx_word' id='word_1_215' title='bbox 366 1528 423 1565; x_wconf 86' lang='lat' dir='ltr'><strong>Et</strong></span> <span class='ocrx_word' id='word_1_216' title='bbox 455 1528 500 1565; x_wconf 89' lang='lat' dir='ltr'><strong>in</strong></span> <span class='ocrx_word' id='word_1_217' title='bbox 520 1526 599 1565; x_wconf 89' lang='lat' dir='ltr'><strong>hac</strong></span> <span class='ocrx_word' id='word_1_218' title='bbox 629 1526 800 1581; x_wconf 88' lang='lat' dir='ltr'><strong>quidem</strong></span> <span class='ocrx_word' id='word_1_219' title='bbox 830 1543 958 1578; x_wconf 87' lang='lat' dir='ltr'><strong>voce,</strong></span> <span class='ocrx_word' id='word_1_220' title='bbox 995 1538 1044 1566; x_wconf 92' lang='lat' dir='ltr'><strong>ut</strong></span> <span class='ocrx_word' id='word_1_221' title='bbox 1071 1538 1183 1567; x_wconf 84' lang='lat' dir='ltr'><strong>recte</strong></span> <span class='ocrx_word' id='word_1_222' title='bbox 1212 1527 1430 1576; x_wconf 87' lang='lat' dir='ltr'><strong>observat,</strong></span> <span class='ocrx_word' id='word_1_223' title='bbox 1471 1543 1558 1567; x_wconf 85' lang='lat' dir='ltr'><strong>sae-</strong></span> 
     </span>
     <span class='ocr_line' id='line_1_24' title="bbox 81 1560 1559 1637; baseline 0.002 -17"><span class='ocrx_word' id='word_1_224' title='bbox 81 1583 258 1637; x_wconf 81' lang='lat' dir='ltr'><strong>pissime</strong></span> <span class='ocrx_word' id='word_1_225' title='bbox 296 1594 507 1637; x_wconf 85' lang='lat' dir='ltr'><strong>peccatur.</strong></span> <span class='ocrx_word' id='word_1_226' title='bbox 541 1583 710 1624; x_wconf 76' lang='lat' dir='ltr'><strong>SOLAN.</strong></span> <span class='ocrx_word' id='word_1_227' title='bbox 772 1584 977 1623; x_wconf 89' lang='lat' dir='ltr'><strong>Nondum</strong></span> <span class='ocrx_word' id='word_1_228' title='bbox 1009 1594 1306 1637; x_wconf 75' lang='lat' dir='ltr'><strong>persuaserunt</strong></span> <span class='ocrx_word' id='word_1_229' title='bbox 1345 1560 1453 1623; x_wconf 69' lang='lat' dir='ltr'><strong>milii</strong></span> <span class='ocrx_word' id='word_1_230' title='bbox 1487 1587 1559 1623; x_wconf 86' lang='lat' dir='ltr'><strong>vel</strong></span> 
     </span>
     <span class='ocr_line' id='line_1_25' title="bbox 84 1639 1558 1696; baseline -0.001 -17"><span class='ocrx_word' id='word_1_231' title='bbox 84 1640 257 1691; x_wconf 78' lang='lat' dir='ltr'><strong>Jensius,</strong></span> <span class='ocrx_word' id='word_1_232' title='bbox 297 1643 365 1679; x_wconf 90' lang='lat' dir='ltr'><strong>vel</strong></span> <span class='ocrx_word' id='word_1_233' title='bbox 393 1639 546 1696; x_wconf 37' lang='lat' dir='ltr'><strong>Cenaeeov</strong></span> <span class='ocrx_word' id='word_1_234' title='bbox 575 1654 691 1679; x_wconf 88' lang='lat' dir='ltr'><strong>meus</strong></span> <span class='ocrx_word' id='word_1_235' title='bbox 721 1640 842 1690; x_wconf 59' lang='lat' dir='ltr'><strong>Hal„</strong></span> <span class='ocrx_word' id='word_1_236' title='bbox 875 1640 926 1680; x_wconf 91' lang='lat' dir='ltr'><strong>de</strong></span> <span class='ocrx_word' id='word_1_237' title='bbox 961 1641 1212 1681; x_wconf 81' lang='lat' dir='ltr'><strong>necessitate</strong></span> <span class='ocrx_word' id='word_1_238' title='bbox 1245 1641 1558 1680; x_wconf 83' lang='lat' dir='ltr'><strong>emendationis</strong></span> 
     </span>
     <span class='ocr_line' id='line_1_26' title="bbox 82 1694 1557 1765; baseline -0.001 -28"><span class='ocrx_word' id='word_1_239' title='bbox 82 1694 223 1749; x_wconf 72' lang='grc' dir='ltr'><strong>αὕτη.</strong></span> <span class='ocrx_word' id='word_1_240' title='bbox 283 1697 586 1736; x_wconf 82' lang='lat' dir='ltr'><strong>Desidera1ine</strong></span> <span class='ocrx_word' id='word_1_241' title='bbox 620 1697 889 1752; x_wconf 84' lang='lat' dir='ltr'><strong>Subjectum,</strong></span> <span class='ocrx_word' id='word_1_242' title='bbox 922 1697 999 1735; x_wconf 84' lang='lat' dir='ltr'><strong>ubi</strong></span> <span class='ocrx_word' id='word_1_243' title='bbox 1025 1715 1151 1765; x_wconf 77' lang='grc' dir='ltr'><strong>αυτη</strong></span> <span class='ocrx_word' id='word_1_244' title='bbox 1184 1697 1384 1751; x_wconf 70' lang='lat' dir='ltr'><strong>legatur?</strong></span> <span class='ocrx_word' id='word_1_245' title='bbox 1445 1700 1557 1736; x_wconf 88' lang='lat' dir='ltr'><strong>Tum</strong></span> 
     </span>
     <span class='ocr_line' id='line_1_27' title="bbox 85 1749 1558 1806; baseline -0.001 -12"><span class='ocrx_word' id='word_1_246' title='bbox 85 1766 185 1794; x_wconf 85' lang='lat' dir='ltr'><strong>vero</strong></span> <span class='ocrx_word' id='word_1_247' title='bbox 209 1752 350 1792; x_wconf 75' lang='lat' dir='ltr'><strong>hercle</strong></span> <span class='ocrx_word' id='word_1_248' title='bbox 375 1752 683 1792; x_wconf 83' lang='lat' dir='ltr'><strong>desiderabitur</strong></span> <span class='ocrx_word' id='word_1_249' title='bbox 711 1754 836 1792; x_wconf 90' lang='lat' dir='ltr'><strong>etiam</strong></span> <span class='ocrx_word' id='word_1_250' title='bbox 866 1754 911 1793; x_wconf 90' lang='lat' dir='ltr'><strong>in</strong></span> <span class='ocrx_word' id='word_1_251' title='bbox 938 1755 1013 1793; x_wconf 86' lang='lat' dir='ltr'><strong>illo</strong></span> <span class='ocrx_word' id='word_1_252' title='bbox 1049 1749 1208 1802; x_wconf 72' lang='grc' dir='ltr'><em>αὐτὸς</em></span> <span class='ocrx_word' id='word_1_253' title='bbox 1240 1755 1360 1806; x_wconf 76' lang='grc' dir='ltr'><strong>ἔφα·</strong></span> <span class='ocrx_word' id='word_1_254' title='bbox 1393 1753 1558 1793; x_wconf 81' lang='lat' dir='ltr'><strong>deside·</strong></span> 
     </span>
     <span class='ocr_line' id='line_1_28' title="bbox 84 1808 1558 1873; baseline 0.001 -26"><span class='ocrx_word' id='word_1_255' title='bbox 84 1808 284 1848; x_wconf 80' lang='lat' dir='ltr'><strong>rabitur·</strong></span> <span class='ocrx_word' id='word_1_256' title='bbox 274 1824 319 1846; x_wconf 86' lang='lat' dir='ltr'><strong>m</strong></span> <span class='ocrx_word' id='word_1_257' title='bbox 339 1810 485 1847; x_wconf 84' lang='lat' dir='ltr'><strong>multis</strong></span> <span class='ocrx_word' id='word_1_258' title='bbox 517 1809 616 1848; x_wconf 88' lang='lat' dir='ltr'><strong>aliis</strong></span> <span class='ocrx_word' id='word_1_259' title='bbox 642 1809 828 1873; x_wconf 79' lang='lat' dir='ltr'><strong>ejusdem</strong></span> <span class='ocrx_word' id='word_1_260' title='bbox 855 1810 1020 1864; x_wconf 80' lang='lat' dir='ltr'><strong>generis</strong></span> <span class='ocrx_word' id='word_1_261' title='bbox 1051 1809 1446 1860; x_wconf 84' lang='lat' dir='ltr'><strong>enuntiationibus,</strong></span> <span class='ocrx_word' id='word_1_262' title='bbox 1480 1810 1558 1848; x_wconf 85' lang='lat' dir='ltr'><strong>ubi</strong></span> 
     </span>
     <span class='ocr_line' id='line_1_29' title="bbox 85 1863 1559 1918; baseline -0.001 -12"><span class='ocrx_word' id='word_1_263' title='bbox 85 1863 228 1913; x_wconf 80' lang='grc' dir='ltr'><strong>αυτὸς,</strong></span> <span class='ocrx_word' id='word_1_264' title='bbox 261 1868 331 1904; x_wconf 82' lang='lat' dir='ltr'><strong>vel</strong></span> <span class='ocrx_word' id='word_1_265' title='bbox 351 1863 471 1918; x_wconf 76' lang='grc' dir='ltr'><strong>αὕτη,</strong></span> <span class='ocrx_word' id='word_1_266' title='bbox 505 1866 702 1918; x_wconf 84' lang='lat' dir='ltr'><strong>quisnam</strong></span> <span class='ocrx_word' id='word_1_267' title='bbox 725 1866 794 1915; x_wconf 84' lang='lat' dir='ltr'><strong>sit,</strong></span> <span class='ocrx_word' id='word_1_268' title='bbox 828 1867 954 1905; x_wconf 86' lang='lat' dir='ltr'><strong>facile</strong></span> <span class='ocrx_word' id='word_1_269' title='bbox 977 1881 999 1906; x_wconf 88' lang='lat' dir='ltr'><strong>e</strong></span> <span class='ocrx_word' id='word_1_270' title='bbox 1022 1881 1140 1906; x_wconf 80' lang='lat' dir='ltr'><strong>nexu</strong></span> <span class='ocrx_word' id='word_1_271' title='bbox 1165 1867 1411 1916; x_wconf 86' lang='lat' dir='ltr'><strong>verborum,</strong></span> <span class='ocrx_word' id='word_1_272' title='bbox 1446 1869 1513 1905; x_wconf 89' lang='lat' dir='ltr'><strong>vel</strong></span> <span class='ocrx_word' id='word_1_273' title='bbox 1534 1881 1559 1905; x_wconf 81' lang='lat' dir='ltr'><strong>e</strong></span> 
     </span>
     <span class='ocr_line' id='line_1_30' title="bbox 84 1922 1558 1976; baseline 0.001 -17"><span class='ocrx_word' id='word_1_274' title='bbox 84 1934 206 1970; x_wconf 82' lang='lat' dir='ltr'><strong>sono,</strong></span> <span class='ocrx_word' id='word_1_275' title='bbox 240 1923 431 1971; x_wconf 82' lang='lat' dir='ltr'><strong>vultuve,</strong></span> <span class='ocrx_word' id='word_1_276' title='bbox 464 1922 682 1974; x_wconf 89' lang='lat' dir='ltr'><strong>loquentis</strong></span> <span class='ocrx_word' id='word_1_277' title='bbox 705 1931 835 1975; x_wconf 79' lang='lat' dir='ltr'><strong>patet.</strong></span> <span class='ocrx_word' id='word_1_278' title='bbox 896 1922 979 1960; x_wconf 85' lang='lat' dir='ltr'><strong>Sua</strong></span> <span class='ocrx_word' id='word_1_279' title='bbox 1010 1922 1166 1976; x_wconf 79' lang='lat' dir='ltr'><strong>cuique</strong></span> <span class='ocrx_word' id='word_1_280' title='bbox 1184 1926 1282 1961; x_wconf 88' lang='lat' dir='ltr'><strong>loco</strong></span> <span class='ocrx_word' id='word_1_281' title='bbox 1310 1933 1373 1962; x_wconf 85' lang='lat' dir='ltr'><strong>est</strong></span> <span class='ocrx_word' id='word_1_282' title='bbox 1392 1932 1558 1961; x_wconf 82' lang='lat' dir='ltr'><strong>natura.</strong></span> 
     </span>
     <span class='ocr_line' id='line_1_31' title="bbox 85 1976 1560 2048; baseline 0.001 -33"><span class='ocrx_word' id='word_1_283' title='bbox 85 1977 178 2018; x_wconf 79' lang='lat' dir='ltr'><strong>Etsi</strong></span> <span class='ocrx_word' id='word_1_284' title='bbox 206 1977 336 2015; x_wconf 77' lang='lat' dir='ltr'><strong>Jensz&#39;o</strong></span> <span class='ocrx_word' id='word_1_285' title='bbox 367 1977 495 2017; x_wconf 83' lang='lat' dir='ltr'><strong>facile</strong></span> <span class='ocrx_word' id='word_1_286' title='bbox 526 1976 754 2017; x_wconf 81' lang='lat' dir='ltr'><strong>concedam</strong></span> <span class='ocrx_word' id='word_1_287' title='bbox 788 1978 980 2019; x_wconf 75' lang='lat' dir='ltr'><strong>Marion.</strong></span> <span class='ocrx_word' id='word_1_288' title='bbox 1013 1977 1148 2018; x_wconf 83' lang='lat' dir='ltr'><strong>Dian.</strong></span> <span class='ocrx_word' id='word_1_289' title='bbox 1181 1978 1247 2029; x_wconf 87' lang='lat' dir='ltr'><strong>X,</strong></span> <span class='ocrx_word' id='word_1_290' title='bbox 1267 1984 1303 2021; x_wconf 86' lang='lat'><strong>1.</strong></span> <span class='ocrx_word' id='word_1_291' title='bbox 1333 1978 1560 2048; x_wconf 83' lang='lat' dir='ltr'><strong>legendum</strong></span> 
     </span>
     <span class='ocr_line' id='line_1_32' title="bbox 87 2032 1561 2088; baseline 0.003 -16"><span class='ocrx_word' id='word_1_292' title='bbox 87 2047 191 2082; x_wconf 89' lang='lat' dir='ltr'><strong>esse,</strong></span> <span class='ocrx_word' id='word_1_293' title='bbox 224 2042 273 2071; x_wconf 85' lang='lat' dir='ltr'><strong>ut</strong></span> <span class='ocrx_word' id='word_1_294' title='bbox 295 2042 336 2072; x_wconf 90' lang='lat' dir='ltr'><strong>et</strong></span> <span class='ocrx_word' id='word_1_295' title='bbox 356 2047 434 2087; x_wconf 86' lang='lat' dir='ltr'><strong>ego</strong></span> <span class='ocrx_word' id='word_1_296' title='bbox 454 2032 522 2072; x_wconf 87' lang='lat' dir='ltr'><strong>edi</strong></span> <span class='ocrx_word' id='word_1_297' title='bbox 545 2033 645 2071; x_wconf 89' lang='lat' dir='ltr'><strong>olim</strong></span> <span class='ocrx_word' id='word_1_298' title='bbox 669 2034 830 2083; x_wconf 83' lang='lat' dir='ltr'><strong>curavi,</strong></span> <span class='ocrx_word' id='word_1_299' title='bbox 863 2052 888 2087; x_wconf 82' lang='grc' dir='ltr'><em>η</em></span> <span class='ocrx_word' id='word_1_300' title='bbox 921 2037 1059 2076; x_wconf 87' lang='grc' dir='ltr'><em>τοίνυν</em></span> <span class='ocrx_word' id='word_1_301' title='bbox 1087 2048 1214 2086; x_wconf 84' lang='grc' dir='ltr'><em>νησος</em></span> <span class='ocrx_word' id='word_1_302' title='bbox 1241 2033 1368 2088; x_wconf 65' lang='grc' dir='ltr'><strong>αὕτη</strong></span> <span class='ocrx_word' id='word_1_303' title='bbox 1402 2033 1561 2088; x_wconf 69' lang='grc' dir='ltr'><strong>ἀνώμο-</strong></span> 
     </span>
     <span class='ocr_line' id='line_1_33' title="bbox 86 2087 1562 2159; baseline -0.001 -28"><span class='ocrx_word' id='word_1_304' title='bbox 86 2087 154 2138; x_wconf 73' lang='grc' dir='ltr'><strong>τός</strong></span> <span class='ocrx_word' id='word_1_305' title='bbox 183 2091 308 2138; x_wconf 82' lang='grc' dir='ltr'><strong>ἐστιν,</strong></span> <span class='ocrx_word' id='word_1_306' title='bbox 341 2099 382 2129; x_wconf 88' lang='lat' dir='ltr'><strong>et</strong></span> <span class='ocrx_word' id='word_1_307' title='bbox 412 2089 624 2145; x_wconf 70' lang='lat' dir='ltr'><strong>Schacfero</strong></span> <span class='ocrx_word' id='word_1_308' title='bbox 657 2090 856 2129; x_wconf 84' lang='lat' dir='ltr'><strong>lubenter</strong></span> <span class='ocrx_word' id='word_1_309' title='bbox 893 2091 1048 2159; x_wconf 79' lang='lat' dir='ltr'><strong>largiar</strong></span> <span class='ocrx_word' id='word_1_310' title='bbox 1077 2092 1367 2142; x_wconf 85' lang='lat' dir='ltr'><strong>(Meletemm.</strong></span> <span class='ocrx_word' id='word_1_311' title='bbox 1398 2106 1440 2144; x_wconf 88' lang='lat' dir='ltr'><strong>p.</strong></span> <span class='ocrx_word' id='word_1_312' title='bbox 1462 2096 1528 2135; x_wconf 84' lang='grc'><strong>78,</strong></span> <span class='ocrx_word' id='word_1_313' title='bbox 1544 2090 1562 2146; x_wconf 84' lang='grc'>)</span> 
     </span>
     <span class='ocr_line' id='line_1_34' title="bbox 88 2145 1561 2201; baseline 0.001 -17"><span class='ocrx_word' id='word_1_314' title='bbox 88 2147 190 2186; x_wconf 86' lang='lat' dir='ltr'><strong>item</strong></span> <span class='ocrx_word' id='word_1_315' title='bbox 215 2145 350 2186; x_wconf 87' lang='lat' dir='ltr'><strong>Diall.</strong></span> <span class='ocrx_word' id='word_1_316' title='bbox 374 2146 504 2185; x_wconf 76' lang='lat' dir='ltr'><strong>Matr.</strong></span> <span class='ocrx_word' id='word_1_317' title='bbox 540 2146 612 2194; x_wconf 85' lang='lat' dir='ltr'><strong>VI,</strong></span> <span class='ocrx_word' id='word_1_318' title='bbox 637 2152 675 2190; x_wconf 82' lang='lat'><strong>3.</strong></span> <span class='ocrx_word' id='word_1_319' title='bbox 706 2147 936 2186; x_wconf 76' lang='lat' dir='ltr'><strong>lectionem</strong></span> <span class='ocrx_word' id='word_1_320' title='bbox 972 2145 1072 2201; x_wconf 65' lang='grc' dir='ltr'><strong>αὕτη</strong></span> <span class='ocrx_word' id='word_1_321' title='bbox 1109 2149 1172 2189; x_wconf 86' lang='grc' dir='ltr'><strong>σοὶ</strong></span> <span class='ocrx_word' id='word_1_322' title='bbox 1201 2150 1394 2200; x_wconf 76' lang='grc' dir='ltr'><strong>πλησίον,</strong></span> <span class='ocrx_word' id='word_1_323' title='bbox 1434 2147 1561 2187; x_wconf 84' lang='lat' dir='ltr'><strong>alteri</strong></span> 
     </span>
     <span class='ocr_line' id='line_1_35' title="bbox 90 2200 1562 2272; baseline 0 -28"><span class='ocrx_word' id='word_1_324' title='bbox 90 2200 188 2254; x_wconf 72' lang='grc' dir='ltr'><strong>αὕτη</strong></span> <span class='ocrx_word' id='word_1_325' title='bbox 212 2201 557 2254; x_wconf 82' lang='lat' dir='ltr'><strong>praeferendam,</strong></span> <span class='ocrx_word' id='word_1_326' title='bbox 591 2217 670 2241; x_wconf 85' lang='lat' dir='ltr'><strong>nec</strong></span> <span class='ocrx_word' id='word_1_327' title='bbox 700 2217 788 2242; x_wconf 91' lang='lat' dir='ltr'><strong>non</strong></span> <span class='ocrx_word' id='word_1_328' title='bbox 821 2204 1013 2272; x_wconf 79' lang='lat' dir='ltr'><strong>Fugitiv.</strong></span> <span class='ocrx_word' id='word_1_329' title='bbox 1052 2219 1085 2246; x_wconf 93' lang='lat' dir='ltr'><strong>c</strong></span> <span class='ocrx_word' id='word_1_330' title='bbox 1108 2210 1146 2247; x_wconf 84' lang='lat'><strong>3,</strong></span> <span class='ocrx_word' id='word_1_331' title='bbox 1173 2203 1462 2257; x_wconf 83' lang='lat' dir='ltr'><strong>probandum:</strong></span> <span class='ocrx_word' id='word_1_332' title='bbox 1494 2201 1562 2244; x_wconf 71' lang='grc' dir='ltr'><strong>ἆλ-</strong></span> 
     </span>
     <span class='ocr_line' id='line_1_36' title="bbox 90 2255 1562 2314; baseline -0.001 -13"><span class='ocrx_word' id='word_1_333' title='bbox 90 2258 140 2301; x_wconf 74' lang='grc' dir='ltr'><em>λοῖ</em></span> <span class='ocrx_word' id='word_1_334' title='bbox 159 2261 215 2306; x_wconf 83' lang='grc' dir='ltr'><strong>τίς</strong></span> <span class='ocrx_word' id='word_1_335' title='bbox 250 2255 350 2310; x_wconf 75' lang='grc' dir='ltr'><strong>(κύτη</strong></span> <span class='ocrx_word' id='word_1_336' title='bbox 385 2262 547 2312; x_wconf 80' lang='grc' dir='ltr'><em>σπουὸη</em></span> <span class='ocrx_word' id='word_1_337' title='bbox 572 2257 802 2311; x_wconf 82' lang='grc' dir='ltr'><strong>ποόςεισιν,</strong></span> <span class='ocrx_word' id='word_1_338' title='bbox 834 2274 921 2298; x_wconf 88' lang='lat' dir='ltr'><strong>non</strong></span> <span class='ocrx_word' id='word_1_339' title='bbox 952 2256 1073 2314; x_wconf 74' lang='grc' dir='ltr'><strong>αὕτη·</strong></span> <span class='ocrx_word' id='word_1_340' title='bbox 1104 2270 1243 2300; x_wconf 86' lang='lat' dir='ltr'><strong>tamen</strong></span> <span class='ocrx_word' id='word_1_341' title='bbox 1283 2259 1408 2309; x_wconf 86' lang='lat' dir='ltr'><strong>inde,</strong></span> <span class='ocrx_word' id='word_1_342' title='bbox 1443 2259 1562 2313; x_wconf 80' lang='lat' dir='ltr'><strong>quod</strong></span> 
     </span>
     <span class='ocr_line' id='line_1_37' title="bbox 88 2312 1563 2371; baseline 0 -18"><span class='ocrx_word' id='word_1_343' title='bbox 88 2315 244 2368; x_wconf 84' lang='lat' dir='ltr'><strong>passim</strong></span> <span class='ocrx_word' id='word_1_344' title='bbox 268 2328 344 2366; x_wconf 83' lang='lat' dir='ltr'><strong>pro</strong></span> <span class='ocrx_word' id='word_1_345' title='bbox 376 2313 474 2367; x_wconf 77' lang='grc' dir='ltr'><strong>αὕτη</strong></span> <span class='ocrx_word' id='word_1_346' title='bbox 502 2314 667 2353; x_wconf 87' lang='lat' dir='ltr'><strong>librarii</strong></span> <span class='ocrx_word' id='word_1_347' title='bbox 700 2316 809 2355; x_wconf 83' lang='lat' dir='ltr'><strong>falso</strong></span> <span class='ocrx_word' id='word_1_348' title='bbox 844 2315 1105 2370; x_wconf 87' lang='lat' dir='ltr'><strong>scripserunt</strong></span> <span class='ocrx_word' id='word_1_349' title='bbox 1138 2312 1266 2369; x_wconf 74' lang='grc' dir='ltr'><strong>αὕτη,</strong></span> <span class='ocrx_word' id='word_1_350' title='bbox 1301 2330 1388 2354; x_wconf 90' lang='lat' dir='ltr'><strong>non</strong></span> <span class='ocrx_word' id='word_1_351' title='bbox 1424 2316 1563 2371; x_wconf 86' lang='lat' dir='ltr'><strong>sequi-</strong></span> 
     </span>
     <span class='ocr_line' id='line_1_38' title="bbox 90 2369 1562 2426; baseline 0.001 -16"><span class='ocrx_word' id='word_1_352' title='bbox 90 2382 173 2418; x_wconf 78' lang='lat' dir='ltr'><strong>tur</strong></span> <span class='ocrx_word' id='word_1_353' title='bbox 195 2380 235 2409; x_wconf 86' lang='lat' dir='ltr'><strong>et</strong></span> <span class='ocrx_word' id='word_1_354' title='bbox 256 2369 327 2408; x_wconf 85' lang='lat' dir='ltr'><strong>hic</strong></span> <span class='ocrx_word' id='word_1_355' title='bbox 347 2370 391 2408; x_wconf 87' lang='lat' dir='ltr'><strong>id</strong></span> <span class='ocrx_word' id='word_1_356' title='bbox 415 2371 576 2409; x_wconf 80' lang='lat' dir='ltr'><strong>factum</strong></span> <span class='ocrx_word' id='word_1_357' title='bbox 603 2385 705 2412; x_wconf 87' lang='lat' dir='ltr'><strong>esse.</strong></span> <span class='ocrx_word' id='word_1_358' title='bbox 765 2372 926 2411; x_wconf 85' lang='lat' dir='ltr'><strong>Nostro</strong></span> <span class='ocrx_word' id='word_1_359' title='bbox 949 2383 1059 2413; x_wconf 88' lang='lat' dir='ltr'><strong>certe</strong></span> <span class='ocrx_word' id='word_1_360' title='bbox 1074 2377 1171 2413; x_wconf 91' lang='lat' dir='ltr'><strong>loco</strong></span> <span class='ocrx_word' id='word_1_361' title='bbox 1191 2373 1347 2426; x_wconf 78' lang='lat' dir='ltr'><strong>fiigere</strong></span> <span class='ocrx_word' id='word_1_362' title='bbox 1367 2372 1473 2410; x_wconf 92' lang='lat' dir='ltr'><strong>mihi</strong></span> <span class='ocrx_word' id='word_1_363' title='bbox 1498 2372 1562 2411; x_wconf 76' lang='lat' dir='ltr'><strong>vi-</strong></span> 
     </span>
     <span class='ocr_line' id='line_1_39' title="bbox 90 2422 1563 2483; baseline -0.001 -17"><span class='ocrx_word' id='word_1_364' title='bbox 90 2427 212 2466; x_wconf 80' lang='lat' dir='ltr'><strong>detur</strong></span> <span class='ocrx_word' id='word_1_365' title='bbox 228 2424 341 2478; x_wconf 76' lang='grc' dir='ltr'><strong>αὕτη,</strong></span> <span class='ocrx_word' id='word_1_366' title='bbox 373 2436 519 2465; x_wconf 87' lang='lat' dir='ltr'><strong>contra</strong></span> <span class='ocrx_word' id='word_1_367' title='bbox 543 2422 642 2479; x_wconf 73' lang='grc' dir='ltr'><strong><em>αὕτη</em></strong></span> <span class='ocrx_word' id='word_1_368' title='bbox 665 2428 751 2467; x_wconf 89' lang='lat' dir='ltr'><strong>vim</strong></span> <span class='ocrx_word' id='word_1_369' title='bbox 776 2427 925 2468; x_wconf 80' lang='lat' dir='ltr'><strong>habere</strong></span> <span class='ocrx_word' id='word_1_370' title='bbox 947 2430 1183 2479; x_wconf 86' lang='lat' dir='ltr'><strong>maximam,</strong></span> <span class='ocrx_word' id='word_1_371' title='bbox 1217 2427 1563 2483; x_wconf 82' lang='lat' dir='ltr'><strong>quandoquidem</strong></span> 
     </span>
     <span class='ocr_line' id='line_1_40' title="bbox 91 2483 1562 2540; baseline 0.001 -18"><span class='ocrx_word' id='word_1_372' title='bbox 91 2484 307 2522; x_wconf 82' lang='lat' dir='ltr'><strong>Doctrina</strong></span> <span class='ocrx_word' id='word_1_373' title='bbox 335 2483 379 2519; x_wconf 90' lang='lat' dir='ltr'><strong>in</strong></span> <span class='ocrx_word' id='word_1_374' title='bbox 402 2497 452 2522; x_wconf 88' lang='lat' dir='ltr'><strong>eo</strong></span> <span class='ocrx_word' id='word_1_375' title='bbox 476 2484 682 2522; x_wconf 86' lang='lat' dir='ltr'><strong>orationis</strong></span> <span class='ocrx_word' id='word_1_376' title='bbox 717 2494 975 2523; x_wconf 86' lang='lat' dir='ltr'><strong>momentum</strong></span> <span class='ocrx_word' id='word_1_377' title='bbox 1009 2487 1181 2539; x_wconf 83' lang='lat' dir='ltr'><strong>posuit,</strong></span> <span class='ocrx_word' id='word_1_378' title='bbox 1217 2484 1362 2540; x_wconf 83' lang='lat' dir='ltr'><strong>quod&#39;</strong></span> <span class='ocrx_word' id='word_1_379' title='bbox 1348 2501 1434 2538; x_wconf 66' lang='lat' dir='ltr'><strong>ipsa</strong></span> <span class='ocrx_word' id='word_1_380' title='bbox 1461 2487 1562 2524; x_wconf 88' lang='lat' dir='ltr'><strong>Sta-</strong></span> 
     </span>
     <span class='ocr_line' id='line_1_41' title="bbox 92 2537 1562 2594; baseline 0.002 -17"><span class='ocrx_word' id='word_1_381' title='bbox 92 2539 229 2578; x_wconf 77' lang='lat' dir='ltr'><strong>tuaria</strong></span> <span class='ocrx_word' id='word_1_382' title='bbox 254 2537 473 2578; x_wconf 79' lang='lat' dir='ltr'><strong>commoda</strong></span> <span class='ocrx_word' id='word_1_383' title='bbox 492 2549 534 2577; x_wconf 89' lang='lat' dir='ltr'><strong>et</strong></span> <span class='ocrx_word' id='word_1_384' title='bbox 567 2541 873 2590; x_wconf 84' lang='lat' dir='ltr'><strong>emolumenta,</strong></span> <span class='ocrx_word' id='word_1_385' title='bbox 911 2555 1017 2594; x_wconf 81' lang='lat' dir='ltr'><strong>quae</strong></span> <span class='ocrx_word' id='word_1_386' title='bbox 1048 2557 1100 2581; x_wconf 86' lang='lat' dir='ltr'><strong>ex</strong></span> <span class='ocrx_word' id='word_1_387' title='bbox 1129 2543 1261 2594; x_wconf 85' lang='lat' dir='ltr'><strong>ipsius</strong></span> <span class='ocrx_word' id='word_1_388' title='bbox 1287 2541 1562 2580; x_wconf 85' lang='lat' dir='ltr'><strong>consuetudi-</strong></span> 
     </span>
     <span class='ocr_line' id='line_1_42' title="bbox 93 2594 1559 2647; baseline 0.003 -15"><span class='ocrx_word' id='word_1_389' title='bbox 93 2608 148 2633; x_wconf 82' lang='lat' dir='ltr'><strong>ne</strong></span> <span class='ocrx_word' id='word_1_390' title='bbox 177 2594 387 2633; x_wconf 81' lang='lat' dir='ltr'><strong>nascitura</strong></span> <span class='ocrx_word' id='word_1_391' title='bbox 409 2605 571 2643; x_wconf 80' lang='lat' dir='ltr'><strong>essent3</strong></span> <span class='ocrx_word' id='word_1_392' title='bbox 605 2594 648 2634; x_wconf 83' lang='lat' dir='ltr'><strong>h.</strong></span> <span class='ocrx_word' id='word_1_393' title='bbox 671 2610 705 2636; x_wconf 87' lang='lat' dir='ltr'><strong>e</strong></span> <span class='ocrx_word' id='word_1_394' title='bbox 731 2597 834 2634; x_wconf 87' lang='lat' dir='ltr'><strong>vilia</strong></span> <span class='ocrx_word' id='word_1_395' title='bbox 863 2606 904 2636; x_wconf 89' lang='lat' dir='ltr'><strong>et</strong></span> <span class='ocrx_word' id='word_1_396' title='bbox 925 2597 1127 2647; x_wconf 80' lang='lat' dir='ltr'><strong>humma</strong></span> <span class='ocrx_word' id='word_1_397' title='bbox 1161 2598 1431 2637; x_wconf 71' lang='lat' dir='ltr'><strong>enarraverit.</strong></span> <span class='ocrx_word' id='word_1_398' title='bbox 1472 2598 1559 2636; x_wconf 86' lang='lat' dir='ltr'><strong>Sub</strong></span> 
     </span>
     <span class='ocr_line' id='line_1_43' title="bbox 96 2651 1561 2706; baseline 0.003 -18"><span class='ocrx_word' id='word_1_399' title='bbox 96 2652 182 2703; x_wconf 80' lang='lat' dir='ltr'><strong>ipsa</strong></span> <span class='ocrx_word' id='word_1_400' title='bbox 201 2664 297 2690; x_wconf 87' lang='lat' dir='ltr'><strong>vero</strong></span> <span class='ocrx_word' id='word_1_401' title='bbox 320 2651 391 2689; x_wconf 88' lang='lat' dir='ltr'><strong>illa</strong></span> <span class='ocrx_word' id='word_1_402' title='bbox 414 2652 644 2701; x_wconf 78' lang='lat' dir='ltr'><strong>neminem,</strong></span> <span class='ocrx_word' id='word_1_403' title='bbox 682 2652 767 2689; x_wconf 90' lang='lat' dir='ltr'><strong>nisi</strong></span> <span class='ocrx_word' id='word_1_404' title='bbox 792 2652 1005 2706; x_wconf 78' lang='lat' dir='ltr'><strong>dominam</strong></span> <span class='ocrx_word' id='word_1_405' title='bbox 1031 2669 1077 2693; x_wconf 82' lang='lat' dir='ltr'><strong>ac</strong></span> <span class='ocrx_word' id='word_1_406' title='bbox 1102 2652 1333 2706; x_wconf 78' lang='lat' dir='ltr'><strong>praesidem</strong></span> <span class='ocrx_word' id='word_1_407' title='bbox 1355 2654 1561 2706; x_wconf 79' lang='lat' dir='ltr'><strong>lapicida-</strong></span> 
     </span>
     <span class='ocr_line' id='line_1_44' title="bbox 95 2706 1561 2762; baseline 0.006 -18"><span class='ocrx_word' id='word_1_408' title='bbox 95 2720 211 2755; x_wconf 82' lang='lat' dir='ltr'><strong>rum,</strong></span> <span class='ocrx_word' id='word_1_409' title='bbox 243 2707 428 2762; x_wconf 80' lang='lat' dir='ltr'><strong>intelligi</strong></span> <span class='ocrx_word' id='word_1_410' title='bbox 471 2706 639 2757; x_wconf 88' lang='lat' dir='ltr'><strong>debere,</strong></span> <span class='ocrx_word' id='word_1_411' title='bbox 680 2717 768 2746; x_wconf 85' lang='lat' dir='ltr'><strong>tum</strong></span> <span class='ocrx_word' id='word_1_412' title='bbox 807 2723 860 2748; x_wconf 79' lang='lat' dir='ltr'><strong>ex</strong></span> <span class='ocrx_word' id='word_1_413' title='bbox 899 2709 1166 2749; x_wconf 85' lang='lat' dir='ltr'><strong>antecedenti</strong></span> <span class='ocrx_word' id='word_1_414' title='bbox 1212 2724 1314 2748; x_wconf 88' lang='lat' dir='ltr'><strong>voce</strong></span> <span class='ocrx_word' id='word_1_415' title='bbox 1353 2711 1561 2761; x_wconf 77' lang='grc' dir='ltr'><em>λιθοξόος,</em></span> 
     </span>
     <span class='ocr_line' id='line_1_45' title="bbox 98 2765 1562 2821; baseline 0.005 -21"><span class='ocrx_word' id='word_1_416' title='bbox 98 2769 189 2800; x_wconf 87' lang='lat' dir='ltr'><strong>tum</strong></span> <span class='ocrx_word' id='word_1_417' title='bbox 210 2776 263 2801; x_wconf 77' lang='lat' dir='ltr'><strong>ex</strong></span> <span class='ocrx_word' id='word_1_418' title='bbox 283 2766 404 2808; x_wconf 65' lang='lat' dir='ltr'><strong>vultu</strong></span> <span class='ocrx_word' id='word_1_419' title='bbox 423 2773 464 2805; x_wconf 87' lang='lat' dir='ltr'><strong>et</strong></span> <span class='ocrx_word' id='word_1_420' title='bbox 485 2773 605 2820; x_wconf 81' lang='lat' dir='ltr'><strong>gestu</strong></span> <span class='ocrx_word' id='word_1_421' title='bbox 639 2765 900 2818; x_wconf 84' lang='lat' dir='ltr'><strong>perorantis,</strong></span> <span class='ocrx_word' id='word_1_422' title='bbox 933 2766 1061 2806; x_wconf 73' lang='lat' dir='ltr'><strong>facile</strong></span> <span class='ocrx_word' id='word_1_423' title='bbox 1082 2780 1105 2805; x_wconf 82' lang='lat' dir='ltr'><strong>a</strong></span> <span class='ocrx_word' id='word_1_424' title='bbox 1124 2767 1324 2807; x_wconf 85' lang='lat' dir='ltr'><strong>Luciano</strong></span> <span class='ocrx_word' id='word_1_425' title='bbox 1343 2781 1475 2821; x_wconf 88' lang='lat' dir='ltr'><strong>puero</strong></span> <span class='ocrx_word' id='word_1_426' title='bbox 1504 2790 1562 2799; x_wconf 90' lang='lat'>—</span> 
     </span>
    </p>
   </div>
   <div class='ocr_carea' id='block_1_3' title="bbox 0 0 93 3194">
    <p class='ocr_par' dir='ltr' id='par_1_4' title="bbox 0 0 93 3194">
     <span class='ocr_line' id='line_1_46' title="bbox 0 0 93 3194; baseline 0 0"><span class='ocrx_word' id='word_1_427' title='bbox 0 0 93 3194; x_wconf 95' lang='lat' dir='ltr'><strong> </strong></span> 
     </span>
    </p>
   </div>
  </div>
 </body>
</html>
