1778 3194
272 260 924 297 scR11¹'s1.5QUL
997 264 1583 299 LUCIAN1.·1„xt

117 361 236 402 'enim
259 361 390 402 facile
412 359 610 402 animum
637 355 916 411 induxerim,
945 367 995 401 ut
1016 361 1189 402 credam
1218 361 1463 403 Pantheam
1497 377 1586 403 no·-

115 438 251 470 stram
280 443 378 469 eam
408 428 695 469 concubinam
726 429 864 468 fuisse
888 427 1024 469 Marci
1053 430 1252 480 Aurelii,
1285 430 1514 484 (Capitolia.
1543 434 1585 470 in

113 498 263 538 illm-co
284 499 479 537 Antonin.
502 494 651 535 Philos.
674 495 744 534 sub
754 495 901 550 finem)
933 511 1063 552 quam
1081 498 1159 538 ille
1179 499 1265 537 sihi
1285 506 1384 553 post
1403 498 1586 539 Fausti-

113 580 197 606 nae
227 574 416 606 mortem
445 563 653 613 adscivit,
695 566 988 618 procuratoris
1020 566 1172 605 uxoris
1201 579 1306 606 suae
1334 567 1494 613 filiam,
1528 580 1586 606 ne

112 642 178 674 tot
196 633 346 674 liberis
368 644 602 672 novercam
622 630 950 685 superduceret.
982 631 1036 672 Ei
1053 641 1202 673 tamen
1224 636 1470 675 sententiae
1486 638 1588 674 sor-

111 708 157 744 te
180 704 332 743 favere
353 699 623 740 videbuntur
644 713 774 754 supra
793 709 1034 741 memorata
1052 703 1188 742 verba
1209 701 1400 753 Luciam,
1431 704 1475 742 in
1492 705 1586 757 qui-

111 773 193 811 bus
220 768 539 824 Imperatorem
562 767 786 807 Pantheae
806 768 1016 808 maritum
1036 784 1059 809 a
1084 771 1282 811 bonitate
1307 777 1351 808 et
1371 784 1587 811 mansue-

108 837 264 878 tudine
277 851 450 877 morum
471 833 773 876 commendat:
803 848 914 889 quae
937 834 1061 876 dotes
1082 836 1467 878 utMarciAm-elii
1489 852 1585 892 pro-

109 907 232 961 priae
254 911 369 954 sunt,
401 903 462 941 ita
486 904 540 942 ab
560 903 628 953 iis,
651 915 762 957 quae
785 901 839 941 de
866 899 1013 942 Cassio
1047 906 1282 961 scriptores
1315 905 1485 960 antiqui
1514 920 1586 945 re-

112 976 327 1023 tulerunt,
364 971 602 1010 abhorrere
622 969 845 1011 videntur.
905 970 1076 1012 Verum
1106 973 1203 1027 quis
1231 973 1385 1023 nescit,
1417 974 1587 1013 imma-

111 1055 191 1082 nes
214 1041 349 1080 etiam
364 1046 576 1092 tyrannos
598 1039 935 1078 enumeratione
950 1053 1098 1080 earum
1118 1041 1338 1082 virtutum
1360 1039 1586 1082 interdum

109 1105 422 1157 commendari,
448 1120 474 1146 a
501 1106 659 1160 quibus
678 1107 900 1146 communi
919 1107 1152 1147 hominum
1170 1121 1301 1149 sensu
1323 1110 1586 1150 alienissimi

106 1174 391 1231 judicantur?
406 1173 486 1215 'At
508 1174 594 1214 alia
613 1181 729 1225 sunt,
761 1187 873 1229 quae
896 1172 1158 1229 impediant,
1186 1189 1271 1230 quo
1293 1179 1440 1218 minus
1461 1176 1586 1217 Pan-

108 1247 243 1287 theae
274 1243 479 1294 nomine,
519 1241 656 1282 Marci
690 1241 980 1282 concubinam
1009 1242 1202 1294 intelligi
1227 1252 1394 1299 putem.
1455 1243 1587 1285 Haud

108 1320 232 1369 putO,
262 1311 382 1351 vixit
399 1311 447 1349 in
467 1316 590 1349 tanta
610 1322 757 1350 rerum
787 1308 1031 1349 adfluentia
1049 1313 1291 1352 concubina
1315 1312 1586 1354 modestissi-

109 1381 175 1421 mi
191 1377 479 1434 Imperatoris
494 1408 506 1429 ‚
537 1390 679 1432 neque
697 1377 744 1416 in
768 1390 866 1417 eam
888 1378 1125 1417 convenire
1147 1377 1336 1419 dixerim
1361 1388 1405 1420 et
1424 1380 1588 1420 Eunu--

112 1449 216 1488 chos
237 1453 281 1485 et
303 1444 483 1494 milites,
518 1457 626 1499 quos
648 1458 694 1484 se
718 1445 768 1484 in
786 1443 1011 1489 Pantheae
1042 1448 1252 1487 comitatu
1285 1448 1492 1487 Luciams
1522 1452 1583 1502 (p.

110 1521 150 1559 7.
176 1523 221 1555 et
242 1517 310 1557 24.
334 1528 365 1553 e.
390 1517 430 1555 2.
454 1510 628 1566 Imagg.)
660 1511 827 1553 vidisse
864 1522 1202 1565 commemorat3
1232 1523 1282 1554 ut
1300 1523 1469 1555 taceam
1491 1518 1586 1557 lau-

111 1583 258 1623 datam
279 1581 327 1620 in
349 1593 400 1620 ea
421 1593 596 1621 morum
613 1580 662 1620 in
685 1593 856 1621 summa
883 1594 1033 1620 rerum
1059 1581 1354 1635 amplitudine
1385 1582 1586 1623 modern-

108 1652 305 1693 tionem:
346 1661 456 1704 quae
494 1660 599 1687 sane
627 1649 775 1688 omnia
797 1648 846 1687 in
866 1661 965 1688 eam
987 1650 1220 1691 mulierem
1244 1649 1398 1690 cadere
1419 1650 1586 1690 viden-

109 1728 197 1769 tur,
211 1729 323 1772 quae
343 1716 542 1767 legitimo
567 1716 889 1756 connubiorum
907 1718 1005 1767 jure
1029 1715 1214 1757 deducta
1235 1725 1352 1758 esset
1372 1717 1419 1757 in
1438 1726 1585 1760 torum

109 1787 246 1835 illius,
278 1783 354 1840 qui
374 1792 450 1823 aut
471 1781 719 1838 Imperator
740 1784 856 1823 foret
874 1814 885 1835 ‚
918 1790 993 1823 aut
1012 1785 1345 1840 imperatoriam
1365 1789 1451 1828 sibi
1483 1787 1586 1841 dig-

112 1856 299 1895 nitatem
319 1850 545 1892 vindicare
566 1849 894 1903 adgrederetur.

223 1988 421 2040 Longior
452 1985 518 2026 sui
549 2000 681 2041 quam
713 1994 915 2042 putaram
943 1987 991 2028 in
1024 1990 1174 2042 exigui
1193 1989 1411 2031 momenti
1438 1992 1581 2031 rebus.

110 2057 254 2099 Multo
276 2057 402 2111 plura
427 2061 470 2094 et
490 2057 605 2094 forte
625 2055 812 2095 meliora
831 2064 1070 2110 supersunt
1088 2057 1375 2098 commodiori
1397 2060 1587 2098 occasio-

113 2140 169 2168 ne
199 2122 397 2165 dicenda.
466 2120 700 2162 Lucianum
730 2130 883 2163 tamen
914 2122 1137 2164 dimittere
1178 2124 1350 2164 animus
1384 2141 1474 2165 non
1503 2136 1584 2178 est,

111 2200 349 2247 antequam
375 2204 482 2241 rem,
516 2191 562 2230 ni
585 2191 729 2239 fallor,
749 2190 847 2230 aliis
868 2190 1079 2232 indictam
1102 2190 1156 2231 de
1177 2191 1438 2232 Alexandro
1452 2192 1585 2234 Pseu-

113 2259 168 2300 do
184 2259 448 2315 —Propheta
468 2258 888 2299 Abonotichjtarum
910 2258 1119 2310 adtigero.
1179 2259 1354 2299 Prolata
1376 2269 1478 2301 sunt
1495 2264 1584 2313 jam

112 2328 221 2368 olim
240 2328 290 2367 in
309 2325 504 2366 medium
525 2339 549 2365 a
578 2327 688 2367 viris
714 2326 976 2368 doctissimis
997 2340 1048 2366 ea
1072 2327 1351 2378 numismata,
1383 2343 1491 2383 quae
1514 2344 1584 2371 ae-

112 2403 252 2435 tatem
280 2395 503 2444 tulerunt,
533 2393 581 2433 in
605 2395 762 2448 quibus
784 2395 1010 2434 redivivus
1033 2396 1110 2434 ille
1129 2394 1461 2448 Paphlagonum
1482 2399 1583 2438 Ae-

114 2463 333 2518 sculapius
358 2459 539 2513 Glycon,
572 2461 626 2503 ad
648 2476 746 2503 eam
765 2465 896 2519 plane
916 2465 1102 2502 sormam
1124 2470 1304 2501 exactus
1330 2473 1420 2515 est,
1453 2480 1581 2519 quam

114 2529 325 2571 Lucianus
344 2529 393 2568 in
411 2529 725 2571 I‘seudomanti
748 2530 991 2585 descripsit.
1051 2529 1115 2569 At
1143 2543 1274 2570 nemo
1296 2531 1585 2573 animadver—

114 2599 193 2648 tit,
226 2611 323 2638 eam
344 2596 567 2649 fraudem,
599 2612 723 2652 quae,
756 2597 943 2638 Luciano
967 2606 1194 2649 narrante,
1225 2597 1372 2638 Marco
1394 2599 1582 2639 Aurelio

117 2665 229 2704 sacta
252 2672 317 2705 est
334 2665 381 2704 in
405 2664 639 2706 Germania
660 2674 810 2706 contra
830 2666 1134 2707 Marcomanos
1155 2674 1199 2706 et
1212 2664 1394 2718 Quados
1413 2667 1581 2707 bellum

121 2731 316 2782 gerenti,
355 2732 403 2773 in
422 2734 622 2775 columna
643 2732 949 2775 Antoniniana
970 2733 1177 2776 adcurate
1201 2733 1421 2791 depictam
1445 2735 1582 2774 exhi-
