1778 3194
220 239 283 276 XC
487 239 805 272 LUCIANUS
875 240 999 271 Num
1068 240 1404 277 ‚ADJUVARE

220 339 370 391 cavit,
388 339 469 389 *vel
505 338 839 393 uobis-'contigit
863 338 1092 393 invenire,
1125 337 1179 379 de
1199 338 1254 380 iis
1275 342 1366 394 jam
1387 340 1590 384 breviter,
1611 341 1687 385 di·-

216 421 379 450 camus-

329 545 384 586 In
415 544 611 598 dialogo,
659 559 744 601 quo
782 545 1056 587 Lucianus
1102 562 1196 587 non.
1216 554 1386 588 temere
1415 546 1682 589 credendum

216 628 313 655 esse
348 614 738 655 calumniatoribus
777 612 924 665 docet,
986 616 1127 656 multa
1163 616 1328 671 reperit
1372 613 1680 666 Kestnerus,

215 697 326 738 quae
349 682 401 723 ad
427 681 702 723 Christianos
722 689 947 735 spectent,
976 684 1272 739 ‘maximarum
1292 684 1409 723 mole
1436 684 1683 724 calumnia-

211 765 309 792 rum
333 764 588 805 oppressos,
619 762 756 789 uuum
790 748 901 789 illud
925 751 1055 803 longe
1082 758 1125 791 et
1146 752 1455 803 gravissimum
1480 760 1524 792 et
1544 766 1680 806 aper-

210 820 447 869 tissimum,
478 815 594 873 quod
614 831 705 870 cap.
728 815 861 857 XIV.
893 817 972 859 To.
1005 817 1136 859 VIII.
1167 835 1209 875 p.
1242 823 1308 863 45.
1342 821 1531 872 legitur:
1566 817 1680 873 Πρός

207 885 279 927 τὸν
310 884 454 941 εὐσεβῆ
473 887 546 927 καὶ
562 883 762 938 φιλόθεον
782 883 906 934 ἄθεος
927 888 995 928 καὶ
1020 883 1187 936 οἶνόσιος
1215 884 1235 929 ὅ
1271 890 1387 940 φίλος
1415 886 1676 941 διαβάλλεται,
1697 914 1701 917 ·

206 956 274 996 καὶ
300 952 355 1004 ὥς
375 953 418 997 τὸ
437 960 553 997 θεῖον
575 950 906 1006 παρωθούμενος.
968 954 1149 996 Scilicet
1167 957 1278 996 haec
1288 956 1444 996 referri
1463 970 1554 996 non
1574 969 1678 1011 pos—

206 1037 253 1064 se
286 1025 372 1064 nisi
401 1023 456 1064 ad
483 1022 779 1075 Christianos,
814 1025 996 1077 quibus,
1042 1011 1275 1063 Antonino
1299 1022 1377 1063 Pio
1407 1018 1677 1079 imperante,

202 1090 308 1146 quid
329 1103 450 1132 error
478 1093 720 1143 affinxerit,
753 1091 855 1148 quid
885 1090 1054 1131 invidia
1081 1091 1305 1142 conflarit,
1344 1093 1450 1131 satis
1484 1092 1678 1143 intelligi

202 1173 260 1199 ex
298 1157 499 1200 Caesaris
541 1159 709 1211 edicto,
752 1159 867 1214 quod
897 1174 976 1214 pro
1004 1160 1058 1198 iis
1093 1154 1261 1199 tulerit.
1332 1158 1392 1199 At
1422 1160 1541 1198 enim
1568 1172 1674 1198 vero

201 1242 347 1283 neque
378 1228 427 1267 in
460 1226 735 1268 Christianos
772 1227 932 1267 cadunt
967 1241 1077 1281 quae
1106 1228 1256 1282 paullo
1287 1235 1387 1267 ante
1407 1241 1431 1266 a
1462 1226 1673 1281 scriptore

202 1297 333 1337 allata
365 1303 469 1335 sunt
509 1294 809 1335 calumniandi
845 1296 1071 1348 exempla,
1123 1308 1266 1349 neque
1302 1295 1351 1334 in
1374 1293 1672 1348 Antoninum,

198 1377 314 1419 quae
351 1364 489 1402 verba
517 1377 623 1403 mox
652 1371 909 1417 sequuntur.
971 1362 1176 1414 Magnam
1207 1364 1300 1413 ejus
1331 1363 1539 1402 novimus
1573 1375 1673 1413 erga

200 1429 476 1471 Christianos
503 1429 855 1471 moderationem
881 1437 926 1469 et
953 1430 1239 1484 sapientiam,
1273 1444 1377 1484 qua,
1409 1435 1459 1468 ut
1481 1429 1552 1479 fit,
1586 1427 1670 1467 ad-
1726 1439 1729 1441 ’

196 1500 498 1540 versariorum
529 1499 770 1539 calumnias
803 1498 1063 1537 infamavit:
1103 1495 1181 1536 sed
1205 1498 1340 1536 talem
1357 1498 1555 1552 profecto
1579 1510 1669 1536 non

195 1569 405 1608 novimus
428 1568 552 1622 pium
571 1565 905 1620 Imperatorem,
940 1565 1026 1618 qui,
1081 1563 1228 1604 audita
1252 1565 1484 1611 calumnia,
1518 1567 1667 1605 statim

191 1635 376 1682 (utimur
397 1635 507 1689 ipsis
539 1635 770 1672 Luciafni
799 1632 978 1681 verbis)
1009 1633 1133 1671 velut
1164 1639 1308 1671 oestro
1330 1633 1509 1687 percitis
1542 1633 1664 1672 auri-

191 1705 288 1752 bus,
301 1703 614 1753 inflammatus,
630 1715 709 1740 nec
734 1714 903 1739 moram
928 1702 1075 1739 ferens
1097 1699 1322 1751 diligentis
1344 1700 1662 1755 inquisitionis,

188 1771 407 1826 repulerit
428 1771 614 1819 amicos3
647 1782 791 1823 neque
818 1768 1057 1808 amicornm
1076 1768 1257 1807 nomine
1278 1766 1443 1808 deferri
1478 1767 1532 1808 ad
1560 1781 1663 1809 eum

187 1846 396 1895 poterant
434 1836 691 1878 Christiani.
764 1835 1064 1886 Quamobrem
1097 1836 1222 1875 nobis
1253 1837 1417 1876 rectius
1450 1834 1662 1877 videntur

185 1905 468 1957 judicavisse,
502 1905 576 1959 qui
600 1906 733 1943 verba
751 1905 828 1943 illa
853 1902 905 1944 ad
937 1903 1224 1942 Lucianum
1254 1905 1414 1958 ipsum,
1445 1903 1662 1958 impieta-

184 1976 244 2015 tis
266 1983 537 2023 accusatum,
580 1973 849 2022 retulerunt,
902 1972 973 2011 cui
1006 1973 1169 2010 multos
1206 1972 1344 2011 fuisse
1373 1973 1576 2012 inimicos
1610 1980 1656 2012 et

183 2044 516 2091 obtrectatores,
542 2055 599 2080 ex-
624 2040 799 2094 scriptis
825 2041 918 2090 ejus
941 2040 1246 2092 intelligimuS,
1271 2040 1450 2095 quinam
1471 2039 1653 2091 fuerint,

184 2125 274 2151 non
294 2110 381 2151 nisi
406 2112 655 2162 conjectura
678 2108 854 2162 assequi
875 2107 992 2147 licet.

291 2245 585 2301 Praecipuum
606 2242 837 2299 quemdam
856 2242 905 2281 in
921 2240 977 2280 iis
1011 2242 1159 2280 locum
1189 2241 1441 2283 habuerunt
1467 2234 1670 2286 ventosi*

176 2315 244 2354 illi
264 2314 535 2368 philosophi,
568 2310 787 2352 erroribus
813 2311 1013 2349 suis-nou
1030 2309 1169 2360 magis
1190 2323 1321 2364 quam
1350 2312 1506 2366 populi
1539 2326 1645 2353 aura

174 2382 321 2421 inflati
335 2414 345 2432 ‚
377 2382 453 2435 qui
470 2381 789 2421 monachorum
815 2376 1163 2417 mendicantium
1184 2390 1307 2417 more
1329 2380 1423 2429 ³⁸),
1440 2380 1642 2420 civitates

173 2451 386 2503 gregatim
406 2451 636 2500 obeuntes,
663 2454 824 2503 quanto
848 2445 1141 2500 capillatiores
1164 2453 1290 2486 erant
1311 2447 1532 2502 barbaque
1552 2461 1642 2489 ma-

217 2714 276 2757 38)
305 2686 402 2746 Cum
421 2712 478 2745 his
498 2718 604 2748 acute
624 2712 710 2747 illos
730 2709 963 2759 comparavit
985 2710 1269 2746 Wielandus
1294 2711 1362 2746 To.
1386 2711 1416 2746 Ι.
1438 2722 1476 2757 p.
1497 2722 1574 2757 440.
