1778 3194
235 221 939 257 cxxxV11110.FRED.
1009 221 1396 255 REITZII

231 327 320 375 jam
342 323 533 363 habebat
557 334 684 361 suum
715 316 973 361 adverbium
1002 321 1228 375 temporis.
1291 320 1379 363 Sed
1413 331 1457 365 et
1485 323 1594 366 alias
1622 324 1698 367 di-

233 391 517 431 stinctionem
536 402 625 428 non
644 401 741 428 raro
761 389 1016 438 immutavi,
1049 389 1284 443 praecipue
1315 389 1521 431 editionis
1551 390 1696 432 Jun—

231 460 388 499 tinae
427 457 659 496 innumera
692 455 768 495 illa
801 464 1034 507 commata,
1079 471 1266 512 quorum
1287 472 1491 511 magnam
1526 466 1695 514 partem

230 526 260 566 S
277 527 331 566 ol
348 539 371 564 a
387 540 450 564 nu
464 538 483 564 5
514 527 600 576 jam
625 522 871 574 deleverat,
905 537 1036 580 saepe
1057 525 1282 576 rejiciens,
1313 524 1536 566 interdum
1560 528 1696 567 etiam

229 594 466 645 trajiciens,
483 590 656 647 quando
676 592 913 632 necessitas
934 591 980 632 id
999 592 1238 643 flagitabat,
1252 592 1366 647 quod
1386 607 1514 633 nemo
1539 595 1696 647 culpa-

230 663 309 708 bit,
328 662 402 716 qui
422 661 541 701 norit
559 660 607 700 iu
628 660 749 700 hisce
764 660 942 714 plenam
967 662 1060 699 sere
1080 658 1299 701 editorum
1312 675 1408 704 esse
1427 662 1693 702 libertatem.

347 771 563 825 Μελλήσας
587 773 758 813 exarari
791 772 962 823 curavi,
993 786 1072 826 pro
1094 771 1263 824 ιιιελήσας
1291 782 1507 828 praeunte
1551 772 1624 815 Ge
1639 787 1697 814 s-

229 857 391 893 nero,
441 841 815 895 distinctioneque
853 848 1022 880 mutata
1060 842 1194 881 etiam
1233 841 1274 882 ὁὲ
1309 856 1389 896 pro
1420 843 1488 884 καὶ
1519 841 1621 883 dedi
1646 843 1695 882 in

227 911 386 952 Rhet.
417 909 600 950 Praec.
638 924 672 949 c.
696 914 760 952 18.

339 1013 654 1065 Συνηλίσθησαν
674 1011 776 1052 dedi
792 1026 870 1067 pro
888 1010 1236 1065 omnm—Phil
1249 1027 1272 1052 o
1286 1027 1312 1067 p
1328 1026 1361 1053 s.
1395 1028 1429 1053 c.
1457 1017 1523 1056 12.

331 1111 663 1167 Ἐπικλυσθῆναι
682 1127 913 1155 revocasse
935 1128 1013 1169 pro
1045 1116 1224 1166 vulgato
1246 1116 1548 1167 ἐπικλασθῆναι
1579 1115 1692 1155 reli-

223 1185 344 1237 gioni
366 1198 456 1223 non
488 1182 616 1233 duxi,
651 1183 885 1222 consensui
914 1181 1140 1222 doctorum
1168 1183 1365 1223 virorum
1394 1183 1532 1234 magis
1562 1195 1691 1237 quam

220 1254 344 1293 libris
366 1253 598 1291 obsecutus
623 1250 719 1290 eod.
753 1249 1002 1303 Philops.
1038 1263 1072 1287 c.
1092 1253 1161 1292 36.
1180 1251 1212 1290 f.
1357 1255 1360 1258 ⁴

334 1355 496 1407 Βορᾆν
537 1359 771 1391 ventum
818 1352 844 1390 b
861 1363 1044 1390 oream
1090 1351 1176 1390 feci
1217 1365 1273 1391 ex
1315 1349 1445 1406 βορὰν
1485 1365 1690 1402 escamr,
1726 1342 1749 1348 ,.

221 1420 340 1478 quod
357 1422 460 1462 licet
481 1421 530 1460 in
552 1420 756 1461 omnibus
776 1418 1012 1472 legeretur,
1035 1416 1243 1459 audacter
1263 1419 1435 1460 mutavi
1451 1418 1501 1458 in
1528 1416 1630 1472 Hip
1644 1432 1688 1472 p·

220 1505 254 1531 c.
280 1494 319 1533 7.

330 1587 438 1632 ‘Ymi
459 1594 540 1631 ταῖν
560 1589 738 1644 δρομέων
756 1590 928 1642 γίγνεται
959 1588 1146 1629 exhibui
1181 1587 1277 1628 sine
1310 1589 1402 1628 ulla
1429 1588 1689 1629 auctoritate
1740 1613 1742 1615 v

218 1674 298 1716 pro
318 1661 497 1711 vulgato
520 1659 585 1699 ἐπὶ
605 1663 745 1698 τῶν-
761 1656 894 1711 idque
914 1666 1064 1698 tamen
1089 1656 1335 1697 necessario
1350 1687 1361 1708 ,
1395 1656 1494 1711 quia
1515 1656 1578 1697 ἐπὶ
1599 1658 1688 1706 jam

211 1734 551 1784 praecesserat,
590 1724 680 1765 vid.
715 1723 781 1764 Ca
798 1726 962 1764 lumn.
998 1740 1030 1764 c.
1062 1730 1126 1768 12.

334 1826 550 1883 Δράματος
583 1824 770 1879 διασκευὴ
811 1826 986 1867 restitui
1015 1841 1094 1882 pro
1123 1824 1355 1882 πράγματος
1385 1823 1605 1878 διασκευὴ,
1636 1825 1685 1866 in

216 1896 518 1941 Mort.Pe1-.
554 1911 589 1939 c.
612 1901 653 1940 3.

339 2002 488 2049 Τοῦτο,
521 1996 639 2053 quod
668 1998 950 2048 vulgabatur,
993 1995 1150 2037 diremi
1180 1995 1228 2036 in
1256 2001 1329 2038 τοῦ
1355 1994 1396 2038 τὸ
1426 1996 1522 2036 sine
1546 1994 1679 2037 Codd.

215 2070 295 2112 sed
313 2070 430 2111 belle
450 2074 661 2108 monente
695 2065 836 2105 Fabr
851 2081 898 2116 o,
929 2064 1064 2106 ibid.
1094 2080 1126 2104 c.
1148 2069 1213 2107 20.
1625 2086 1653 2105 x

327 2170 635 2220 Συνεξελέξαντο
668 2168 855 2208 scribere
890 2181 980 2207 non
1005 2165 1232 2216 dubitavi,
1265 2180 1362 2205 cum
1392 2179 1544 2206 omnes
1563 2167 1679 2207 male

211 2244 429 2284 haberent
452 2237 788 2286 συνεξελὶέξαντο,
821 2235 868 2274 ἰιι
899 2233 1030 2288 Epis
1048 2240 1076 2272 t.
1112 2232 1139 2271 S
1155 2240 1222 2271 at.
1257 2236 1369 2275 0-28.
1391 2233 1505 2273 med.
1541 2233 1680 2275 Ibid-

213 2307 568 2364 συγκεκαττυμὲναι
585 2306 768 2357 jubente
799 2301 828 2343 S
844 2315 867 2341 o
883 2303 899 2341 l
914 2314 1012 2341 ano
1044 2302 1222 2355 reposui
1243 2314 1320 2354 pro
1338 2302 1514 2353 vulgato
1540 2316 1680 2357 συγκε-

210 2378 416 2431 κομμέναι.

315 2475 420 2519 Ἐπ’
443 2479 532 2530 ἴσης
560 2473 673 2526 ἀξίας
686 2475 808 2525 jussu
842 2469 879 2511 G
893 2484 915 2511 e
929 2484 946 2510 5
962 2485 988 2510 n
1007 2483 1058 2510 er
1072 2469 1107 2519 i,
1141 2470 1235 2510 sine
1254 2471 1512 2511 auctoritate
1545 2472 1675 2513 libro-

209 2561 320 2597 rum,
353 2562 430 2601 pro
451 2545 630 2596 vulgato
654 2543 792 2593 ἐπίσης
813 2538 932 2589 ἀξίως
951 2540 998 2577 in
1030 2537 1067 2577 D
1084 2551 1197 2577 emo
1212 2551 1228 2576 5
1243 2538 1314 2577 th.
1345 2537 1380 2577 E
1397 2552 1470 2581 nc.
1494 2553 1534 2586 c.
1564 2533 1629 2581 10.

325 2644 461 2687 Καλὸν
490 2645 565 2700 γὰρ
594 2640 870 2698 κρηςςοῦγετον
897 2638 1076 2689 θάνατος
1107 2640 1313 2695 rescripsi
1345 2647 1492 2679 contra
1524 2640 1674 2692 libros,

210 2715 284 2773 qui
304 2721 485 2758 θανατον
515 2712 724 2768 absurde,
755 2725 859 2754 nam
878 2710 960 2754 ἐστὶ
981 2708 1268 2762 intelligitur:
1299 2705 1428 2752 ibid.
1461 2722 1493 2749 c.
1515 2711 1601 2761 46.-
