1778 3194
439 260 501 291 m
537 256 827 289 JUDICIUM
873 256 1196 289 voctaLiunt.
1452 246 1556 294 335

83 359 197 401 Sunt
214 360 430 400 enimvero
454 364 492 400 A
515 364 602 400 etY
620 355 761 410 specie
788 355 838 395 ad
863 355 1090 395 videndum
1122 355 1324 410 pulchra,
1357 356 1392 397 si
1420 356 1470 397 ad
1493 358 1555 398 li..

84 428 215 458 teram
245 423 612 468 Tcomparentur‚
649 427 755 468 quae
785 428 946 452 crucem
969 414 1146 453 referat:
1179 424 1266 452 tum
1290 414 1557 461 animadver-g·

83 484 148 524 te,
181 488 305 527 quam
332 471 438 510 illud
473 471 641 510 auribus
673 470 884 523 ingratum
918 467 1108 515 accidat,
1151 469 1401 524 καθήκοντες
1431 468 1554 514 ἄκου-

84 536 259 583 σθῆναι,
293 526 366 571 οὐκ
390 527 440 569 ἄν
460 524 647 580 ἠκούσθη
672 523 810 579 μόνον.
845 527 1026 565 HEMST.
1089 526 1189 564 Non
1221 542 1331 581 nego
1365 529 1554 568 insolen-

82 587 167 626 tius
190 586 350 625 dicmm
376 584 570 637 καθήκων
589 580 802 637 ὁραθῆναι.
863 581 944 621 Sed
969 581 1068 634 quia
1104 597 1191 620 non
1216 584 1371 622 similia
1397 584 1446 625 de
1467 585 1553 625 hoc

81 643 177 695 ipso
202 642 329 681 verbo
353 644 543 692 exempla
564 641 606 678 in
629 649 798 693 promtu
819 638 920 687 sint,
954 638 1050 677 ideo
1071 648 1212 676 tamen
1237 653 1324 678 non
1347 641 1550 681 existimo

81 698 393 750 corrigendum.
456 697 612 750 Cogita
653 693 847 748 καθήκων
877 694 1160 748 Participium
1198 694 1239 734 h.
1271 698 1300 733 1.
1335 696 1556 749 Adjectivi

78 755 174 794 vice
203 754 352 804 fungi,
386 763 431 791 ut
467 754 730 804 exprimatur
761 751 946 800 decorus,
988 753 1197 804 speciosus.
1256 752 1314 789 Et
1346 767 1553 805 agnosces

77 811 257 850 eundem
279 811 525 856 Lucianum,
558 823 679 862 quem
711 808 755 846 in
782 808 857 846 illo
879 806 1058 860 φοβερὸν
1080 810 1179 848 ἰδεῖν
1199 807 1332 850 Dian,
1355 809 1552 850 Marion.

78 867 173 916 XV,
196 873 233 911 3.
268 869 334 905 vel
356 867 398 904 in
423 868 607 919 χαρίεντα
629 862 830 918 ὀφθῆναι,
854 863 967 914 quod
997 864 1086 916 ipse
1112 863 1266 903 Hemst.
1298 864 1424 903 modo
1455 880 1553 903 cum

77 924 173 961 aliis
191 922 396 974 exemplis
434 921 674 974 proposuit.
735 919 832 960 Vid.
854 919 1013 960 Fischer
1043 919 1095 958 acl
1135 919 1289 961 Weller.
1312 922 1360 960 T.
1395 921 1478 961 HI.
1511 921 1552 962 b.

75 993 118 1032 p.
141 984 209 1022 23.
233 992 294 1030 sq.
356 978 492 1015 Aliam
517 977 568 1016 ad
589 975 898 1016 defendendam
932 979 1145 1030 vulgatam
1178 977 1406 1016 lectionem
1440 978 1554 1016 viam

75 1035 288 1088 ingressus
313 1044 376 1074 est
395 1034 590 1074 Abresclz.
616 1034 791 1072 Dilucc.
819 1032 957 1071 Thuc.
991 1047 1033 1085 p.
1056 1037 1124 1077 23.
1148 1030 1298 1087 ἁγαθοὶ
1330 1048 1423 1071 cum
1449 1030 1554 1085 ἆρα-

72 1095 202 1144 θῆναι
234 1093 499 1143 conjungens
542 1092 743 1144 perplexa
787 1099 1027 1139 structura,
1059 1104 1139 1144 qua
1169 1089 1296 1128 facile
1328 1104 1555 1143 possumus

74 1146 361 1201 supersedere.
400 1148 558 1188 LEHM.

184 1203 284 1242 Eud.
315 1206 342 1243 l.
365 1208 431 1247 15.
459 1202 773 1255 Ἀκουσθῆνοιι)
804 1203 873 1242 Ex
896 1202 1004 1243 Cod.
1025 1203 1080 1244 L.
1113 1203 1218 1243 haec
1237 1202 1448 1257 scriptura
1473 1213 1551 1246 est.

71 1258 228 1312 reliqui
252 1259 353 1297 libri
378 1257 594 1313 ὁραθῆναι.
626 1260 794 1299 SOLAN.

185 1315 284 1368 Pag.
316 1320 383 1358 60.
414 1319 440 1358 l.
472 1322 511 1360 2.
538 1314 784 1370 Ἀπελᾶσαι)
823 1316 985 1355 Melius
1015 1331 1248 1372 congruere
1277 1313 1480 1359 ἀπελάσαν
1508 1325 1553 1355 et

73 1369 265 1422 ἐκδιῶξαν
287 1386 434 1419 nemo,
469 1373 543 1426 qui
566 1372 614 1411 ad
638 1387 794 1412 nexum
820 1373 1028 1411 orationis
1051 1373 1317 1424 adtenderit,
1351 1371 1553 1417 diffiteba-

75 1436 166 1467 tur:
199 1427 282 1466 hoc
303 1429 404 1466 satis
426 1428 663 1483 liquidum;
697 1428 770 1468 sed
791 1425 1040 1482 βιασάμενον
1071 1433 1256 1485 legatur,
1292 1444 1343 1468 an
1364 1430 1551 1482 βιασαμέ-

72 1500 178 1534 νων,
211 1498 298 1523 non
322 1487 500 1522 multum
523 1485 714 1525 interest.
751 1486 928 1525 HEMST.
963 1485 1029 1523 Ad
1053 1485 1273 1525 Gerundia
1291 1486 1551 1524 Latinorum

76 1540 245 1579 confert
283 1538 360 1577 hos
383 1539 633 1579 Infinitivos
661 1541 857 1582 Abrcsch.
886 1541 1058 1584 Duum,
1090 1542 1228 1581 Thuc.
1265 1556 1305 1594 p.
1329 1546 1423 1584 790.
1447 1541 1549 1580 satis

74 1595 258 1636 sinistre.
292 1595 444 1648 Neque
466 1606 606 1635 tamen
630 1599 743 1649 opus
765 1597 848 1634 erit
874 1597 1027 1637 Hemst.
1051 1598 1363 1647 emendatione,
1395 1598 1432 1635 si
1455 1611 1550 1635 cum

74 1652 287 1706 Schaef'ero
315 1651 366 1689 ad
400 1651 451 1691 L.
483 1652 567 1691 Bos
594 1651 644 1691 de
674 1653 850 1705 Enipss.
871 1668 914 1706 p.
947 1659 1043 1697 612.
1076 1668 1138 1706 sq.
1181 1663 1387 1693 commate
1418 1651 1548 1691 modo

73 1708 339 1761 transposito
369 1711 580 1775 legamus:
611 1708 727 1750 τοῦτο
751 1704 825 1750 οὖν
856 1707 1065 1763 ἐτόλμησεν
1085 1708 1237 1751 ἀδικεῖν
1261 1727 1307 1761 με
1325 1712 1444 1751 πλείω
1469 1714 1550 1750 τῶν

72 1763 262 1815 πώποτε,
314 1768 556 1818 βιασαμενον
603 1762 814 1818 ὀνομάτων
841 1783 888 1818 με
914 1776 995 1806 etc.
1057 1767 1322 1806 Felicissima
1351 1766 1548 1820 profecto

76 1835 237 1860 manus,
305 1826 390 1862 Τῶν
410 1819 581 1871 πώποτε,
614 1823 693 1862 int.
719 1819 1001 1874 ἀδικησάντων
1022 1841 1079 1875 με.
1142 1823 1338 1862 Ceterum
1363 1822 1551 1876 βιασαμέ-

71 1893 154 1918 νων
177 1878 389 1927 reperitur
409 1878 534 1917 etiam
556 1878 600 1915 in
625 1876 719 1917 cod.
742 1882 866 1922 2954.
886 1888 928 1917 et
955 1879 1000 1915 in
1021 1879 1088 1919 ed.
1114 1879 1161 1919 B.
1188 1884 1228 1922 2.
1261 1880 1419 1916 LEnM.

187 1931 289 1973 Ibid.
324 1935 601 1985 Συνδέσμων)
634 1933 733 1987 Quo
753 1935 1000 1987 respexerit,
1033 1934 1141 1972 mihi
1163 1948 1248 1973 non
1275 1935 1439 1986 liquet:
1472 1946 1550 1972 ne·-

74 2002 158 2039 que
177 1989 291 2027 enim
316 1989 360 2026 in
383 1990 532 2044 lingua
555 1989 719 2042 vulgari
759 1991 985 2043 quicquam
1020 1999 1103 2038 est,
1145 1989 1260 2044 quod
1293 1988 1378 2027 huo
1402 1989 1551 2036 faciat⁸⁴

71 2046 297 2083 Dialectos
318 2059 405 2083 non
429 2060 582 2087 moror.
615 2046 782 2084 SoLAN.
843 2046 913 2084 De
936 2044 1284 2100 Conjunciionibus
1306 2054 1346 2083 et
1366 2045 1550 2099 Praepo-

70 2100 278 2140 sitionibus
317 2102 626 2155 grammaticis,
678 2115 781 2155 quas
821 2102 970 2141 Versio
1012 2104 1241 2154 expressit,
1292 2111 1334 2140 et
1374 2101 1549 2140 solanus

70 2171 243 2212 quoque
264 2157 309 2194 in
330 2167 470 2196 mente
497 2157 696 2197 habuisse
717 2157 902 2207 videtur,
917 2158 962 2198 h.
984 2161 1013 2196 1.
1038 2173 1125 2196 non
1149 2156 1421 2212 cogitandum
1443 2172 1546 2208 esse,

72 2216 138 2252 vel
163 2213 372 2265 particula
397 2210 500 2265 ὁμοῦ
525 2215 686 2268 arguit,
718 2224 838 2267 patet
865 2214 990 2253 etiam
1013 2229 1065 2254 ex
1093 2213 1306 2263 uberiori,
1339 2227 1446 2268 quae
1476 2227 1548 2252 se-

72 2269 232 2322 quitur,
268 2268 328 2308 rei
351 2269 745 2320 demonstratione,
779 2270 854 2308 ubi
872 2285 960 2310 non
982 2269 1110 2309 modo
1138 2270 1188 2308 de
1211 2269 1547 2322 Conjunctioni-

71 2323 168 2373 bus,
199 2323 272 2362 sed
297 2325 423 2364 etiam
444 2326 494 2366 de
523 2326 921 2379 Praepositionibus
959 2327 1070 2364 nihil
1090 2329 1158 2365 vel
1179 2325 1441 2378 argumenti,
1477 2326 1546 2364 vel

71 2379 256 2433 exempli
280 2380 490 2423 invenias.
551 2382 723 2422 seducti
756 2383 1008 2435 interpretes
1036 2382 1088 2421 ad
1114 2383 1260 2420 falsam
1290 2381 1544 2434 opinionem

69 2451 144 2490 per
163 2435 460 2475 antecedentes
492 2452 618 2478 voees
638 2437 814 2492 ὀνόματα
843 2449 883 2479 et
909 2437 1089 2493 ῥήματα,
1125 2452 1230 2493 quae
1263 2447 1403 2475 tamen
1437 2436 1478 2478 h.
1512 2439 1545 2478 1.

71 2507 156 2532 non
188 2493 245 2531 ita
278 2491 478 2531 videntur
520 2497 815 2548 grammaticae
853 2510 967 2545 esse,
1009 2507 1057 2534 ut
1101 2509 1186 2533 non
1218 2494 1346 2531 simul
1374 2506 1540 2543 omnes,

71 2562 345 2602 quascunque
376 2549 523 2603 lingua
567 2553 887 2604 complectitur,
924 2551 1000 2590 sub
1041 2552 1107 2588 his
1141 2549 1328 2601 intelligi
1358 2549 1545 2601 possint.

71 2605 186 2643 Hinc
207 2605 341 2658 ptima
360 2606 511 2644 menda
533 2609 786 2660 προθέσεων,
818 2624 895 2661 pro
922 2623 1002 2662 qua
1034 2607 1303 2645 librariorum
1326 2619 1430 2643 voce
1456 2605 1541 2642 Lu-

69 2662 206 2699 cianus
225 2661 442 2712 scxip'sisse
476 2662 646 2702 videtur
676 2668 910 2715 προθὲτων,
946 2668 1012 2702 vel
1044 2664 1324 2713 προθεσμίων,
1361 2664 1427 2699 vel
1455 2663 1543 2698 tale

72 2714 197 2769 quid,
227 2725 273 2753 ut
291 2719 373 2769 jam
397 2717 499 2757 haec
525 2720 702 2767 exsistat
721 2722 957 2760 sententia:
1018 2721 1136 2759 Ausa
1153 2730 1205 2756 est
1224 2718 1339 2756 litera
1366 2721 1402 2757 T
1422 2718 1460 2755 vi
1480 2731 1540 2753 me

68 2771 337 2830 expellere-ex
355 2775 578 2816 nominibus
605 2787 642 2816 et
662 2778 788 2818 verbis
813 2781 958 2832 patriis
965 2806 979 2829 θ
1011 2779 1106 2831 quin
1133 2778 1251 2815 etiam
1287 2772 1492 2815 exie-adera
1519 2787 1540 2811 e
