1778 3194
484 254 1082 304 [PRAEFATIO.
1387 254 1538 287 chm

75 371 224 405 tamen
247 358 476 403 adfirmare
501 358 662 410 audeo,
692 358 768 399 vel
786 356 932 398 minus
960 354 1374 412 typographicarum
1402 368 1538 396 men-

76 429 229 472 darum
251 433 341 482 jam
362 432 410 471 in
435 435 641 470 contextu
665 426 839 465 Luciam·
859 426 1091 465 inventum
1111 424 1191 475 iri,
1223 436 1353 478 quam
1369 425 1415 463 in
1439 422 1534 463 edd.

76 499 259 538 aliarum
281 499 384 538 ulla.
445 495 591 548 Quare
611 493 773 535 Lector
803 507 891 533 non
919 500 1010 532 tam
1042 491 1273 546 respiciet,
1307 500 1411 547 quot
1437 495 1537 532 for-
1587 524 1591 531 .

74 579 154 606 san
183 564 494 612 remanserint,
525 575 653 617 quam
677 567 782 615 quot
804 561 972 600 sublata
995 560 1105 600 sint:
1137 573 1215 614 pro
1242 559 1382 599 tribus
1417 559 1537 599 enim

74 646 224 672 rursus
260 631 482 680 admissis,
531 637 681 671 contra
720 629 795 670 vel
825 621 1005 680 triginta
1044 640 1140 668 esse
1178 625 1412 667 emendata
1451 626 1537 667 de—

72 699 331 754 prehendet.

187 834 241 876 In
262 831 699 877 commentationibus
723 843 871 877 autem
890 835 1001 875 meis
1021 830 1246 874 interdum
1268 847 1293 873 a
1312 846 1383 874 me
1409 846 1536 873 erra—

76 910 192 954 tum,
229 912 325 954 aut,
364 905 401 944 si
426 905 588 954 mavis,
632 911 859 960 peccatum
889 917 984 943 esse
1018 915 1116 942 mea
1156 903 1306 956 culpa,
1349 898 1427 939 sed
1458 912 1537 953 per

76 972 450 1024 properationem,
471 975 560 1022 jam
584 970 883 1026 deprehendi:
917 983 1050 1025 quare
1073 969 1119 1008 in
1139 967 1373 1008 Addendis
1399 967 1535 1022 potis-

76 1039 182 1077 sima
208 1039 437 1090 corrigam,
470 1042 506 1079 si
525 1038 655 1080 modo
678 1047 721 1079 et
744 1038 797 1080 ad
817 1052 867 1078 ea
892 1035 1195 1089 subjungenda
1224 1044 1400 1090 tempus
1426 1049 1536 1074 con-

81 1104 281 1158 cedatur,
313 1106 431 1162 quod
458 1106 495 1146 si
519 1121 609 1146 non
635 1107 925 1161 superfuerit,
956 1104 1117 1145 Lector
1143 1103 1323 1143 veniam
1350 1102 1470 1141 dabit
1490 1101 1538 1140 in

74 1172 206 1212 aliam
237 1175 511 1214 occasionem
543 1181 587 1213 et
619 1187 667 1213 ea
699 1174 938 1224 rejicienti,
979 1184 1090 1227 quae
1120 1169 1306 1211 subinde
1336 1170 1387 1210 in
1421 1170 1538 1209 notis

76 1241 259 1294 promisi
280 1240 526 1281 adcuratius
551 1241 600 1280 in
618 1239 850 1281 Addendis
880 1248 1099 1281 excutere.

188 1375 364 1415 Luciam:
391 1375 529 1416 vitam
561 1376 823 1431 promiserat
853 1374 1070 1416 Solanu
1087 1387 1132 1425 ες
1165 1379 1244 1414 nec
1272 1372 1537 1422 dubitabam,

79 1444 184 1498 quin
213 1457 308 1483 eam
329 1445 414 1493 jam
446 1443 704 1493 confecerit,
737 1458 834 1483 cum
854 1445 906 1482 ab
937 1456 1052 1481 anno
1078 1447 1198 1484 1720.
1244 1456 1328 1496 quo
1359 1454 1406 1480 se
1439 1454 1539 1480 suas

79 1511 132 1551 ad
149 1511 373 1551 Lucianum
391 1517 515 1549 notas
537 1511 811 1566 typographo
836 1508 1069 1549 tradidisse
1102 1510 1315 1563 scriptum
1345 1507 1539 1562 reliquit,

76 1579 152 1619 vel
177 1579 333 1617 saltem
360 1578 412 1625 al)
443 1591 558 1616 anno
594 1582 714 1621 1723.
745 1592 828 1632 quo
862 1575 1159 1616 additamenta
1191 1576 1349 1626 etiam,
1383 1576 1541 1628 quibus

81 1660 152 1686 eas
175 1645 320 1694 auxit,
350 1642 405 1682 ad
425 1644 558 1684 finem
581 1658 627 1684 se
660 1644 920 1698 perduxisse
951 1649 1162 1693 testatur,
1194 1642 1299 1683 satis
1324 1643 1456 1697 spatii
1488 1640 1541 1680 ad

77 1712 124 1754 id
144 1710 452 1766 praestandum
466 1712 673 1751 habuisse
692 1711 893 1762 videtui-3
918 1709 1131 1750 decennio
1157 1711 1274 1750 enim
1289 1718 1331 1750 et
1351 1709 1540 1762 amplius

80 1779 355 1834 supervixit:
395 1792 519 1833 spem
553 1777 713 1819 deinde
743 1793 914 1834 quoque
944 1779 1048 1817 fecit
1078 1778 1369 1833 peritissimus
1397 1776 1541 1818 omnis

81 1847 364 1898 elegantioris
388 1847 639 1887 literaturae
671 1845 798 1885 Hem
813 1855 857 1886 st
872 1859 895 1884 e
909 1861 927 1884 r
941 1847 1010 1885 hu
1024 1847 1106 1885 siu
1121 1859 1162 1896 s,
1194 1859 1240 1884 se
1259 1846 1382 1885 illam
1400 1844 1540 1884 vitam

83 1914 452 1965 conscripturum3
476 1912 591 1967 quod
612 1928 708 1953 curn
727 1927 806 1967 per
824 1913 929 1953 alias
953 1914 1260 1966 occupationes
1281 1915 1425 1951 facere
1443 1923 1542 1964 pro-

81 1981 322 2028 biberetur,
337 1987 379 2019 et
406 1981 505 2018 clar.
538 1978 810 2020 Gesnerus
842 1979 1041 2019 eamdem
1066 1994 1189 2035 spem
1210 1982 1412 2026 secisset3
1436 1979 1540 2018 hinc

85 2061 163 2098 ego
182 2047 327 2085 minus
350 2045 402 2086 (ie
425 2060 473 2086 ea
498 2047 796 2087 concinnanda
820 2048 1012 2087 solicitus
1033 2060 1265 2103 excerpere
1294 2055 1423 2101 atque
1446 2047 1545 2084 col«

82 2115 218 2166 ligere
243 2129 300 2154 ex
318 2116 414 2167 ipso
439 2114 619 2153 Luciam)
643 2115 841 2166 neglexi,
872 2129 982 2169 quae
1012 2115 1116 2154 illuc
1144 2122 1362 2170 spectant3
1392 2121 1544 2153 tamen

83 2194 193 2237 quae
217 2195 272 2220 ex
293 2181 447 2221 eodem
474 2183 658 2237 aliisque
679 2183 905 2222 corradere
923 2195 1001 2237 per
1021 2191 1195 2238 tempus
1215 2182 1388 2228 licebit,
1422 2179 1544 2220 Lec-

81 2250 167 2288 tori
198 2249 435 2300 exhibere,
475 2264 606 2305 quam
632 2251 921 2291 necessariam
957 2251 1068 2289 hanc
1106 2250 1380 2306 provinciam
1410 2248 1543 2303 plane

86 2314 286 2355 deserere
317 2319 449 2358 malo.

199 2447 372 2489 Indices
403 2450 589 2493 Graecos
625 2461 714 2494 tres
752 2451 1002 2493 incredibili
1039 2453 1188 2493 labore
1223 2467 1272 2493 ac
1314 2452 1542 2509 patientia,

84 2516 331 2571 (continent
367 2521 483 2559 enim
515 2534 641 2575 supra
677 2521 988 2576 quinquaginta
1023 2522 1217 2560 locorum
1249 2520 1542 2560 iudicatorum

86 2585 249 2632 millia)
287 2588 473 2626 confecit
500 2590 634 2627 frater
669 2586 945 2626 dulcissimus
979 2586 1216 2627 Carolus
1259 2586 1542 2627 Conradus

90 2648 343 2692 Reitzius
360 2685 370 2704 ,
404 2652 762 2694 Gorinchemiani
786 2655 996 2706 gymnasii
1019 2655 1203 2705 nector,
1227 2669 1411 2710 quorum
1434 2654 1542 2694 duos

88 2714 342 2772 adjecimus,
373 2721 563 2776 primum
587 2721 860 2763 Scholiorum
887 2730 931 2761 et
952 2721 1232 2763 Variantium
1258 2720 1542 2777 quarumdam
