1778 3194
252 226 354 275 ,⁶350
584 235 1332 269 ADNOTA'rloxxis

253 336 630 383 transmittentem,
674 332 878 386 quicquid
923 343 1159 386 acceperat,
1194 333 1341 373 Seneca
1369 331 1490 374 dabit
1525 332 1608 388 Ep,
1647 338 1713 377 99,

251 410 294 448 p
317 398 412 436 487
471 392 550 430 Est
582 389 694 444 apud
725 389 892 430 Hes-iod.
926 391 971 428 in
1019 390 1183 445 Theog.
1222 405 1261 432 v.
1304 395 1398 435 661.
1442 388 1576 433 ἆτενεῖ
1604 387 1715 447 νόῳ.

250 452 436 490 Hnmsi.

365 514 466 555 Emi.
497 517 525 553 1.
556 519 597 558 9.
624 510 841 570 Ἐληλεγμε
834 515 954 562 ἰων)
996 515 1090 570 Leg
1095 511 1248 554 endum
1278 515 1384 568 ἕληλ
1388 517 1584 580 ινχμένων·
1617 517 1716 571 ἐλέγ-

250 591 320 628 χω
350 573 494 611 Bnon.
554 572 760 611 Broclaeus
785 572 971 610 Miscen.
994 529 1090 616 ΙΧ.ἕ
1108 585 1198 623 cap.
1230 576 1268 615 6.
1301 573 1477 626 corrigit
1498 573 1716 628 ἐληλεγχμέ-

251 647 350 685 μου.
412 629 503 667 Imo
527 629 588 667 sic
612 628 780 682 quidem
812 643 862 667 ex
881 627 1000 667 vocis
1023 628 1158 681 ipsius
1180 637 1330 667 natura
1350 629 1614 669 scribendum
1643 630 1719 667 fo-

250 695 340 737 13et
371 684 441 725 sed
471 698 565 723 cum
608 699 694 723 non
716 684 789 723 hic
819 694 1009 733 tantum,
1041 699 1185 725 verum
1215 693 1257 723 et
1279 684 1379 723 aubi
1399 685 1512 739 apud
1530 686 1717 724 Nostrum

252 742 310 781 eti
316 719 380 781 im
414 741 461 780 in
492 741 585 780 aliis
618 740 744 793 hujus
766 740 885 780 verbi
906 741 1194 794 temporibus,
1227 740 1351 779 litera
1372 759 1392 794 χ
1425 742 1481 780 sit
1499 745 1626 795 plane
1648 756 1718 780 ex-

247 799 371 848 trita,
404 797 582 846 (velut
572 811 616 835 in
638 798 841 851 Dialogis
869 798 1086 836 Mortuor.
1115 798 1251 842 XXX.
1277 797 1528 853 ἐξελήλεγξαι.
1560 796 1718 836 ibidem

245 854 394 908 ἕλήλεγ(
389 871 465 896 ιαι.
504 854 656 892 iterum
677 854 942 907 ἐληλεγμένων
972 854 1016 892 in
1038 853 1252 894 Phalaride
1286 861 1321 897 l.
1345 869 1378 895 c.
1404 859 1441 897 9.
1466 865 1507 894 et
1525 853 1720 892 Pseudo-

247 912 380 950 manti
412 925 447 950 c.
480 916 545 954 33
579 919 621 948 et
648 909 692 946 in
722 910 858 948 Asino
890 924 924 949 c.
946 915 1014 954 38.
1039 920 1086 948 ut
1117 920 1158 951 et
1161 910 1297 977 apud
1324 910 1527 950 Achillem
1562 911 1721 948 Tatium

246 966 324 1006 lib.
350 967 426 1006 VI.
449 981 490 1019 p.
514 971 611 1009 406.
636 962 656 1006 ὃ
678 966 900 1018 Σωσθένης
921 968 1122 1015 αἰδεσθεις
1143 963 1196 1015 ὥς
1212 968 1485 1021 ἐληλεγμένος)
1517 966 1628 1006 foite
1651 964 1720 1002 di-

246 1021 449 1072 cendum,
481 1021 527 1061 id
557 1020 767 1060 facilioris
787 1023 1099 1061 enuntiationis
1120 1037 1263 1062 caussa
1285 1024 1469 1062 Graecos
1488 1022 1720 1062 factitasse.

240 1079 372 1123 JENS.

361 1145 464 1186 End.
496 1148 524 1184 l.
549 1149 616 1188 12.
634 1141 714 1186 Ἐκ
739 1150 915 1200 ζοφεροῦ
932 1144 1032 1199 etc.)
1064 1144 1277 1200 Concepit
1293 1146 1404 1185 hanc
1425 1144 1651 1200 imaginem
1664 1160 1720 1184 ex

248 1203 325 1243 illa
364 1201 543 1240 milifica
584 1201 717 1240 Plator
708 1206 765 1242 wis
805 1204 1008 1254 spelunca
1052 1201 1128 1239 sub
1189 1202 1365 1241 initium
1409 1201 1486 1242 lib.
1527 1202 1625 1241 VII.
1669 1200 1719 1240 de

244 1260 356 1312 Rep.
378 1258 454 1296 ubi
475 1267 639 1296 tantum
664 1273 752 1297 nou
776 1258 880 1296 haec
902 1257 1047 1296 eadem
1080 1267 1250 1297 exstant
1269 1259 1408 1300 verba.
1470 1257 1648 1310 Saepius
1668 1271 1719 1296 eo

245 1315 498 1369 respicitur,
531 1315 778 1366 praesertim
802 1313 1108 1353 aPlatonicis:
1141 1314 1239 1353 vide
1267 1313 1407 1354 Alcin.
1441 1328 1477 1353 c.
1500 1319 1566 1357 27.
1589 1312 1721 1353 Pr.ocZ

246 1372 330 1412 Th.
353 1372 459 1412 Plat.
484 1385 523 1422 p.
545 1375 585 1412 7.
623 1370 828 1410 Platonem
848 1370 898 1408 ab
930 1369 1168 1423 Empeclocle
1188 1370 1384 1409 sumsisse
1407 1369 1532 1409 docet
1565 1370 1724 1409 Aeneas

249 1428 349 1469 Gaz.
384 1427 429 1465 in
462 1425 682 1479 'lmlieophr
711 1442 751 1480 p
787 1431 855 1470 10.
913 1425 994 1464 Sed
1022 1425 1100 1465 hac
1127 1425 1178 1465 de
1218 1441 1261 1465 re
1288 1429 1409 1479 plura
1453 1425 1638 1464 dicemus
1671 1424 1724 1463 ad

246 1484 460 1525 Iamblich.
493 1484 630 1522 P1otr.
663 1484 847 1523 Hnms'r.
908 1481 1067 1534 Quod
1055 1497 1100 1520 in
1125 1482 1314 1536 maigine
1346 1483 1390 1522 A.
1417 1488 1454 1524 1.
1473 1483 1545 1522 W.
1565 1481 1723 1535 legitur

247 1536 288 1583 δ’
315 1539 366 1582 ἂν
386 1554 463 1592 pro
484 1534 523 1580 6
547 1555 613 1586 αν,
646 1538 790 1578 idem
779 1554 823 1576 m
842 1538 891 1579 A.
913 1543 953 1580 2.
977 1537 1114 1590 reperi
1133 1552 1228 1576 vere
1249 1539 1504 1577 restitutum.
1537 1537 1630 1576 Nec
1642 1551 1721 1601 ego

247 1606 464 1650 poteram,
497 1609 749 1649 quamquam
770 1603 869 1647 post
887 1593 1074 1646 aliquam
1095 1592 1443 1643 haesitationem,
1478 1593 1586 1647 quin
1610 1594 1723 1646 opti..

247 1667 359 1692 mam
381 1650 610 1691 lectionem
637 1651 878 1703 reciperem.
940 1649 1042 1688 Non
1065 1649 1176 1687 enim
1199 1649 1460 1702 respondent
1481 1649 1587 1688 sibi:
1634 1647 1725 1705 α’ρτι

247 1708 321 1762 μὲν
348 1705 578 1759 ἐὶυποὺμην
611 1708 696 1748 et}
681 1707 838 1761 ε’χαιοον
871 1703 910 1747 δ’
941 1700 1006 1754 αὖ,
1029 1704 1100 1743 sed
1132 1705 1250 1756 prius
1270 1704 1378 1743 illud
1407 1705 1635 1759 respondet
1665 1720 1726 1745 se-

250 1765 402 1818 quenti
425 1763 511 1817 ὅῖρτι
535 1764 575 1804 δὲ
608 1759 708 1804 αὐτοὶ
731 1766 811 1813 (an
830 1763 942 1800 forte
965 1765 1014 1802 αὐ
1035 1764 1203 1812 ταῦτας)
1236 1761 1306 1814 μὲν
1324 1760 1456 1804 ἐδόκει
1470 1760 1636 1804 ταπεινοὶ
1655 1764 1724 1804 καὶ

247 1820 529 1890 καταγέλαστα,
550 1828 592 1858 et
612 1819 712 1857 his·
702 1833 784 1872 jam
807 1816 1144 1857 commodissime
1163 1817 1448 1856 adnectuntur
1466 1817 1592 1856 haec:
1624 1820 1725 1871 ἔχων

249 1894 327 1931 ροι
341 1873 379 1918 6'
404 1874 468 1925 ἂν,
482 1874 526 1915 h.
549 1890 582 1916 e
606 1891 655 1915 ac
676 1885 756 1913 {um
775 1876 821 1927 (q
825 1888 925 1911 uum
945 1872 1111 1911 seilicet
1128 1871 1233 1912 haec
1251 1872 1360 1911 mihi
1380 1882 1464 1912 tam
1484 1873 1587 1913 vilia
1607 1874 1725 1914 vide-

249 1934 426 1973 bantur.
458 1945 554 1970 nam
575 1888 821 1969 fluctuabail
827 1928 963 1968 adhuc
983 1928 1172 1980 animus)
1193 1940 1274 1968 ium
1285 1929 1377 1984 fine
1403 1931 1462 1968 ita
1487 1928 1723 1983 gaudebam,

249 2001 443 2043 tanquam
463 1996 544 2027 etc.
577 1988 700 2025 Hanc
721 1995 860 2025 autem
883 1983 1150 2038 particulae
1132 1984 1183 2026 εἰν
1203 1985 1291 2024 vim
1315 1999 1416 2036 esse,
1438 1985 1513 2024 ubi
1536 2000 1629 2025 cum
1652 1987 1726 2025 In·
1777 2008 1778 2011 =

253 2045 444 2085 dicativo
458 2053 744 2092 construatm,
761 2041 907 2080 docuit
922 2041 1172 2080 Hnnarmue
1183 2040 1235 2079 ad
1253 2041 1384 2094 Vigevu
1398 2054 1442 2093 p.
1464 2044 1558 2086 785.
1571 2043 1724 2082 Exem-

251 2105 520 2170 plaenostro
533 2097 924 2151 scriptorehabebIs
942 2098 1084 2138 Somn.
1099 2112 1130 2136 s.
1147 2098 1236 2138 Vit.
1261 2101 1300 2146 9.
1327 2103 1367 2140 2.
1391 2096 1512 2139 omits
1524 2096 1725 2151 ἀφεθείην

254 2182 310 2189 0⁴
335 2153 517 2208 ἀποξέων
530 2153 915 2197 dv-oivs'wk-anov
936 2153 1247 2194 Diall.M01·,tt
1260 2153 1336 2202 IX,
1350 2159 1390 2197 3.
1407 2150 1483 2194 ὅδ’
1494 2154 1726 2201 ἒπίστευέτε

253 2213 330 2264 ἂν,
363 2225 412 2253 ut
448 2213 650 2254 Matthiae
679 2221 791 2250 recte
813 2209 948 2249 edidit
968 2223 1021 2248 ex
1039 2223 1126 2249 uuo
1149 2207 1243 2251 cod.
1265 2209 1358 2249 Par.
1385 2208 1467 2250 Cff.
1493 2209 1545 2248 ad
1565 2210 1704 2252 Dian.

253 2273 387 2312 Deor.
418 2269 497 2319 IX,
521 2274 558 2312 2.
584 2267 816 2307 observata.
843 2267 1000 2305 Lama.

366 2337 467 2378 Ead.
503 2339 530 2375 l.
557 2340 622 2378 14.
650 2333 778 2384 “sam
807 2332 856 2388 δὴ
886 2331 930 2377 τὸ
955 2330 1220 2386 καινότατον)
1264 2335 1339 2387 Ut,
1379 2333 1486 2389 quod
1513 2330 1725 2376 absurdum

254 2397 432 2438 maxime
445 2405 510 2433 est.
541 2392 685 2431 Bnon.

371 2459 476 2502 Ibid.
515 2464 603 2502 Τῶν
626 2455 873 2514 ὀφθαλμῶν)
905 2457 976 2497 Sic
997 2457 1288 2512 reposuimus:
1319 2454 1429 2498 ratio
1449 2466 1565 2512 patet
1583 2459 1725 2512 legen-

255 2518 307 2559 ti.
338 2519 515 2560 Bonan.

371 2586 472 2626 Ead.
512 2587 540 2627 l.
562 2587 626 2630 15.
677 2580 843 2633 Αυτόν)
872 2582 952 2622 Ed.
976 2583 1013 2625 J.
1035 2583 1100 2622 uti
1135 2582 1318 2623 Vorstius
1347 2579 1613 2622 emendabat.
1669 2581 1722 2619 In

260 2642 437 2695 reliquis
470 2640 626 2692 αυτῶν,
658 2641 742 2683 nisi
773 2638 887 2694 quod
918 2644 959 2680 Ρ.
996 2639 1121 2678 etiam
1147 2644 1227 2681 τῶν
1256 2638 1491 2692 ὀφθαλμῶν.
1553 2637 1641 2676 SOL
1646 2651 1720 2677 ΑΝ

233 2698 484 2738 correctio
507 2713 559 2737 nc
565 2697 766 2738 cessaria:
797 2696 927 2735 unico
948 2704 1111 2734 tantum
1131 2699 1254 2736 oculo
1273 2693 1489 2734 laborabat
1504 2694 1722 2733 Lucianu:

262 2758 304 2804 ὓ·
328 2760 366 2799 2.
389 2753 433 2799 τὸ
454 2752 590 2805 πάθος
610 2753 655 2798 τὸ
683 2756 727 2799 ἐν
756 2757 811 2796 τῶ
844 2750 1066 2811 ὀφθαλμία·
1098 2750 1212 2795 unde
1241 2751 1393 2808 liquet,
1425 2764 1548 2807 quam
1577 2749 1722 2802 inepte
