1778 3194
126 368 158 386 ··.
179 360 252 392 230.

216 487 242 526 4

220 1387 246 1428 Ut

272 243 366 287 118

768 257 1171 286 LUCIANI

268 353 358 402 δέος
387 353 553 396 ἐπέλθοι
579 355 647 396 καὶ
673 353 745 405 τὰς
771 353 978 411 ἀστραπὰς
1006 357 1162 405 ἐκείνας
1185 356 1254 398 καὶ
1268 357 1462 412 βροντάς,
1493 355 1653 413 ἀνέμων

268 438 307 463 τε
334 423 484 470 ἐξαίσια
511 423 681 478 μεγέθη·
724 420 922 478 ὑπέλαβεν
951 424 1002 466 ἄν
1029 441 1088 474 τις
1117 423 1193 478 τήν
1222 427 1464 481 οἰκουμένην
1494 426 1654 470 ἅπασαν

269 491 336 531 καὶ
360 489 408 544 δὴ
428 487 474 546 l¹)
507 497 803 544 συμπεσεῖσθαι.
867 492 987 535 Μετὰ
1019 491 1165 548 μικρὸν
1194 495 1235 536 δὲ
1257 495 1471 549 θαυμαστή
1499 514 1557 546 τις
1584 513 1656 538 κα-

269 557 454 608 τάστασις
478 558 614 609 εὐδίας
645 561 819 616 ἐγένετο,
850 563 916 604 καὶ
946 562 1139 615 διέμεινεν
1162 560 1262 616 αὕτη
1290 581 1332 619 γε
1363 565 1437 614 ἕως
1464 569 1537 607 τοῦ
1556 570 1652 607 νῦν·

269 623 441 682 πότερον
464 622 538 670 οὖν
566 631 644 671 οἴει
673 628 806 683 μεῖζόν
828 627 868 680 i)
898 647 935 672 τι
953 633 1019 673 καὶ
1045 632 1337 686 ἐργωδέστερον
1368 631 1494 684 εἶναι,
1522 630 1658 675 τοιαύ-

268 710 341 749 την
361 699 528 752 αἰθρίαν
550 698 589 746 ἐξ
607 699 761 751 ἐκείνης
784 703 853 752 τῆς
881 695 1162 742 ἆνυποστάτου
1184 702 1375 750 λαίλαπος
1393 703 1463 743 καὶ
1484 705 1658 755 ταραχῆς

269 771 500 818 μεταθεῖναι
512 798 522 816 ,
552 767 621 807 καὶ
637 768 693 814 εἷς
709 764 890 821 γαλήνην
908 765 1126 825 ἀναγαγεῖν
1138 769 1161 794 *
1179 771 1192 819 )
1223 769 1295 812 τὸν
1316 768 1474 812 ἅπαντα
1489 767 1666 824 κόσμον,-

270 828 299 884 ἦ
319 834 512 886 γυναικὸς
539 832 646 883 εἶδος
674 838 949 888 μεταπλασθὲν
983 840 1038 886 εἷς
1059 836 1230 893 ὄρνιθός
1257 855 1367 887 τινος
1390 843 1584 890 ποιῆσαις
1612 835 1658 880 v&

247 921 256 928 ·
270 899 341 953 μὲν
365 899 442 956 γάρ
465 907 650 953 τοιοῦτο,
681 905 746 945 καὶ
766 902 814 945 τὰ
843 902 1037 960 παιδάρια
1053 904 1101 947 τὰ
1121 902 1218 961 παρ’
1249 903 1369 960 ἡμῖν,
1401 904 1450 947 τὰ
1477 905 1661 948 πλάττειν

271 967 510 1023 ἐπιστάμενοι
535 970 684 1024 πηλὸν,
713 970 742 1025 ἢ
762 973 889 1027 κηρὸν
918 972 1014 1016 ὅταν
1038 972 1163 1031 λάβῃ,
1192 977 1343 1031 ῥᾳδίως
1361 976 1404 1017 ἐκ
1435 981 1510 1016 τοῦ
1536 973 1665 1017 αὐτοῦ·

270 1035 461 1086 πολλάκις
478 1036 601 1093 ὄγκου
619 1044 944 1095 μετασχηματίζει
960 1040 1106 1091 πολλὰς
1126 1045 1241 1084 ἰδεῶν
1261 1040 1415 1095 φύσεις.
1445 1040 1503 1100 τῷ
1523 1047 1662 1098 δαιμο·

271 1108 345 1148 νίω
365 1100 442 1147 &kk
451 1108 471 1158 )
500 1106 674 1162 μεγαλην
690 1110 760 1150 καὶ
780 1127 829 1151 ου
850 1108 1081 1165 συμβλητὴν
1097 1108 1305 1165 υπεροχήν
1323 1112 1452 1165 ε’χοντι
1468 1111 1572 1168 πρὸς
1591 1129 1664 1162 τας

270 1173 462 1230 ημετέρας
493 1173 706 1229 δυναιιεις,
747 1173 886 1233 εὐχερῆ
916 1176 1036 1257 τυχὸν
1054 1175 1141 1229 l)
1123 1178 1281 1220 α’παντα
1307 1196 1355 1220 τα
1383 1185 1569 1231 τοιαῦτα,
1597 1182 1665 1222 καὶ

273 1246 374 1283 λεῖα·

275 1313 414 1363 μείζω,
449 1326 626 1367 φρασαις
652 1313 727 1366 ἄνς

416 1244 502 1285 ἐπεὶ
527 1261 598 1286 τον
627 1243 723 1289 ὅλον
751 1241 929 1301 οὐρανὸν
959 1243 1073 1300 πόσῳ
1104 1247 1184 1290 τινὶ
1218 1251 1370 1290 σαυτοῦ
1398 1250 1530 1297 δοκεῖς
1561 1247 1666 1291 εἶναι

390 1385 542 1423 ΧΑΙΡ.
582 1383 648 1430 Τίς
668 1379 706 1424 δ’
737 1380 994 1438 ἀνθρώπων,
1026 1379 1060 1426 αἶ
1082 1383 1314 1439 Σώκρατες,
1343 1387 1489 1437 νοῆσαι
1506 1379 1663 1427 δύναιτ’

273 1447 347 1499 ἂν,
376 1446 406 1502 ἢ
422 1446 623 1504 ὀνομάσαι
644 1469 680 1494 τι
699 1457 779 1494 τῶν
800 1450 1023 1505 τοιούτων,
1013 1472 1023 1480 ·
1055 1451 1150 1496 οὐδὲ
1170 1451 1247 1510 γὰρ
1279 1455 1405 1496 εἰπεῖν
1427 1451 1607 1506 ἐφικτόν

317 1540 368 1585 h)
396 1539 1040 1598 325]⁷'1¹377P.L.1x1arg.A.1.W.

365 1598 468 1633 ²954·

366 1636 483 1668 Schm.
506 1647 525 1669 e
546 1635 617 1668 cod

540 1591 587 1630 *)
622 1586 913 1633 ἀναγαγεῖν]
951 1585 1100 1643 ἀγαγεῖν
1127 1588 1210 1621 eod.

622 1663 629 1670 .
653 1646 753 1680 2954.
785 1647 853 1680 pro
875 1636 973 1681 vng.
998 1632 1057 1679 δη.
1104 1635 1231 1668 Etiam
1253 1636 1297 1669 B.
1320 1648 1350 1669 2.
1373 1634 1554 1671 habeta}-

1090 1543 1127 1586 i)
1154 1544 1342 1586 μεῖζον]
1369 1539 1559 1587 ἀμήχανον
1580 1544 1665 1581 cod.

1247 1599 1347 1633 2954.
1417 1589 1462 1625 k)
1501 1588 1578 1632 δὲ]
1604 1591 1667 1624 Sic

1627 1637 1663 1680 l)

363 1679 537 1725 τυχόν]
562 1680 666 1725 τύχοι
684 1682 783 1723 conj,
806 1683 848 1716 T.
870 1683 908 1715 F.
931 1684 1115 1715 Beneclzct.
1135 1692 1290 1726 prorsus
1310 1681 1441 1715 aliena.

273 1770 317 1801 ta
352 1762 486 1802 fuerit
524 1763 683 1805 hiems:
743 1764 850 1820 quin
894 1770 940 1802 et

273 1818 420 1858 animo
442 1831 703 1873 repetentem
725 1832 859 1863 metus
874 1818 938 1856 in-

273 1874 403 1914 vadat
423 1886 466 1916 et
486 1879 567 1916 ista
596 1879 778 1918 fulmina
799 1895 846 1918 ae
873 1886 938 1915 to-

274 1936 433 1985 nitrua,
455 1945 769 1990 ventorumque
790 1937 941 1991 ingen·

272 2004 336 2034 tes
393 1992 582 2032 furores:
650 1993 941 2032 existimasset

274 2049 445 2105 aliquis,
478 2052 672 2090 tellurem
693 2058 826 2089 totam
848 2049 941 2088 uti-

276 2122 359 2161 que
371 2106 504 2146 fuisse
515 2109 809 2159 collapsuram.
831 2107 940 2145 Pau·

275 2168 319 2203 lo
342 2172 483 2202 autem
505 2171 604 2215 post
623 2161 802 2201 mirifica
815 2177 940 2215 quae-

278 2220 372 2260 dam
392 2218 564 2259 exstitit
593 2218 822 2271 compositi
846 2232 940 2258 coe-

275 2277 310 2316 li
351 2277 554 2316 serenitas
601 2276 733 2326 (quae
775 2274 942 2327 quidem

278 2334 493 2385 bacasque
519 2330 802 2384 perduravit).
849 2329 942 2370 Jam

277 2400 326 2428 tu
345 2401 487 2430 utrum
511 2391 644 2441 majus
677 2386 879 2441 quiddam
901 2395 944 2426 et

280 2447 500 2498 operosius
523 2458 612 2484 esse
629 2454 766 2497 putaS,
779 2458 835 2483 ex
857 2443 942 2481 isto

277 2504 463 2552 ‘urbine‚
480 2501 554 2556 qui
577 2500 652 2538 vix
673 2498 848 2539 subsisti
866 2512 943 2551 po·

280 2567 400 2610 terat,
435 2574 483 2597 ao
500 2553 760 2597 confusione
781 2555 833 2595 ad
857 2557 944 2607 pla-

281 2615 542 2654 catissimum
584 2613 767 2653 nitorem
809 2620 943 2651 muta-

282 2682 366 2710 tam
386 2671 495 2711 coeli
519 2670 674 2709 faciem
693 2667 891 2717 referre,
881 2681 944 2705 ln·

285 2742 366 2780 que
387 2726 724 2781 tranquilitatem
747 2737 947 2765 revocare

284 2781 486 2821 mundum
507 2783 751 2821 universum
767 2815 777 2830 ,
821 2794 946 2834 quam

287 2839 472 2880 mulieris
495 2840 672 2878 formam
693 2845 946 2878 transmuta-

997 1769 1083 1799 tam
1097 1761 1141 1798 in
1157 1760 1365 1800 aviculam
1381 1762 1590 1816 quandam
1605 1764 1667 1804 fa-

999 1831 1118 1857 cere·
1105 1817 1125 1845 9
1159 1832 1255 1855 nam
1270 1817 1321 1855 ad
1342 1833 1438 1857 eum
1459 1833 1559 1858 sane
1578 1836 1668 1861 mo·

1000 1872 1098 1911 dum
1117 1883 1159 1913 et
1172 1875 1341 1926 pueruli
1356 1875 1469 1913 intei
1481 1890 1573 1927 nos,
1590 1878 1666 1931 qui

1000 1928 1173 1982 quidem
1194 1929 1353 1984 fingere
1380 1930 1543 1983 sciunt,
1572 1937 1666 1973 luto

1001 2000 1122 2024 cerav
1127 2001 1148 2024 e
1161 1996 1294 2023 sumta
1302 1987 1446 2035 ,facile
1456 2003 1508 2027 ex
1521 1989 1665 2029 eadem

1000 2056 1124 2095 saepe
1148 2043 1348 2082 materiae
1366 2047 1477 2083 mole
1496 2044 1668 2100 fingunt

999 2098 1303 2151 refinguntqne
1336 2102 1485 2138 multas
1512 2102 1668 2141 forma-

999 2168 1091 2193 rum
1123 2164 1306 2192 naturas.
1348 2157 1447 2193 Deo
1479 2157 1667 2197 enimve-

999 2224 1062 2259 ro,
1082 2224 1274 2264 magnam
1296 2211 1472 2250 habenti
1492 2213 1666 2254 virtutis

1000 2266 1317 2320 praestantiam,
1333 2281 1471 2320 neque
1490 2270 1665 2310 omnino

1003 2322 1326 2374 comparandam
1358 2323 1410 2362 ad
1451 2339 1596 2364 nosras
1626 2343 1668 2365 a„

1002 2379 1131 2434 gendi
1152 2379 1277 2428 vires,
1313 2379 1365 2418 ad
1387 2395 1555 2419 manum
1577 2395 1667 2424 esse

1002 2436 1170 2475 credere
1189 2450 1265 2488 par
1285 2446 1347 2474 est
1360 2438 1503 2475 omnia
1523 2437 1668 2478 istius-

1001 2491 1133 2541 modi,
1150 2502 1275 2545 atque
1297 2492 1342 2530 in
1363 2493 1485 2531 facili
1508 2495 1663 2546 posita.

1001 2549 1061 2587 At
1074 2549 1186 2587 enim
1201 2557 1338 2587 totum
1359 2552 1523 2588 coelum
1535 2565 1666 2604 quan-

1002 2614 1048 2645 to
1072 2605 1242 2646 tandem
1262 2613 1391 2644 temet
1404 2605 1498 2657 ipso
1523 2606 1667 2646 videa-

1004 2671 1073 2701 tur
1084 2660 1428 2715 majus‚indicare
1440 2671 1487 2699 tu
1501 2663 1664 2716 possis?

1065 2719 1210 2760 Clzaer.
1244 2716 1351 2770 Quis
1377 2727 1517 2757 autem
1531 2719 1666 2758 homi-

1005 2791 1120 2826 num,
1156 2791 1180 2815 o
1203 2775 1409 2821 Socrates,
1426 2773 1665 2829 intelligere

1007 2842 1156 2889 queat,
1199 2840 1272 2870 aut
1306 2829 1490 2872 dicendo
1520 2831 1665 2872 efferre
