1778 3194
189 226 308 258 xxiv·
493 226 1352 272 DEAETATE,V1TA

192 324 300 366 alibi
325 323 459 364 etiam
474 323 754 377 Patr-ensem,
786 338 898 382 quae
924 325 1077 366 civitas
1098 333 1165 366 est
1185 324 1407 378 Achajae:
1437 335 1662 382 tamquam

195 401 324 433 natus
347 393 452 432 hinc
466 424 476 444 ,
509 394 720 434 oriundus
737 395 860 435 illinc
874 425 884 445 ‚
917 394 979 434 ait
998 393 1218 433 Beroaldus
1248 396 1297 434 in
1319 403 1524 435 octavum
1544 388 1666 448 Apu-¹

196 460 275 514 Zeji.
300 460 472 513 [locus‚
512 476 642 516 quem
663 464 882 515 Zuingerus
902 463 956 502 ob
979 462 1128 502 oculos
1148 462 1325 513 habuit,
1358 470 1426 502 est
1447 462 1499 503 T.
1524 461 1584 503 H.
1616 463 1666 502 in

196 528 314 571 Asin.
338 543 372 568 c.
409 531 478 572 55.
507 529 584 568 ubi
615 530 700 570 ait:
738 530 877 569 Patria
894 529 1008 569 nobis
1023 530 1182 581 Patrae,
1215 531 1306 571 urbs
1337 530 1546 583 Acleae5
1588 529 1668 570 sed

199 609 344 636 errare
383 596 532 636 virum
572 595 772 648 doctum,
813 607 858 638 et
893 599 1030 638 alium
1060 611 1156 638 esse
1194 599 1330 639 istum
1359 597 1548 638 Lucium
1577 597 1670 637 Pa-

199 669 411 715 treusem,
441 671 487 705 et
505 663 762 722 Biographi,
795 675 840 707 et
857 666 997 707 nostri
1028 674 1394 711 commentatores
1414 666 1519 713 satis
1538 664 1667 708 indi-.-

203 730 390 788 carnut]

318 856 386 898 De
400 864 601 914 tempore
625 858 870 901 nativitatis
892 860 1008 901 nihil
1031 860 1150 902 certi.
1185 861 1333 902 Suidas
1344 875 1446 902 eum
1465 862 1545 901 sub
1555 859 1676 901 Tra-.-

204 926 322 975 jano,
357 933 458 966 ante
482 941 611 981 quem
631 928 764 968 etiam
780 930 930 980 fuerit,
953 930 1155 971 floruisse
1176 930 1306 971 dicit:
1338 931 1414 969 alii
1436 928 1490 968 de
1503 927 1677 968 Adria—

204 1005 264 1032 no
291 1006 464 1048 quoque
479 995 794 1036 meminerunt.
829 997 1084 1054 [aliquanto
1118 998 1305 1040 certiora
1333 1004 1485 1038 tamen
1504 994 1559 1037 de
1579 995 1677 1036 Noe-

205 1062 279 1099 sm*
298 1068 440 1105 aetate
463 1061 680 1105 dabuntur
703 1062 903 1120 deinde]

322 1196 500 1250 Quanta
531 1214 640 1241 vero
663 1203 800 1243 fuerit
818 1203 988 1256 ingenii
1014 1204 1287 1260 praestantia
1307 1203 1504 1256 aciani,
1533 1203 1680 1259 pergit

207 1264 427 1316 Zuingerus
454 1281 496 1321 p.
522 1273 562 1311 3.
596 1272 627 1309 f.
662 1284 753 1310 non
779 1272 912 1311 estin
938 1271 1120 1314 dubium
1143 1271 1406 1317 vocandum,
1469 1271 1508 1314 A
1536 1272 1680 1326 prima

206 1332 396 1384 pueritia
428 1336 701 1377 emicuerant
732 1338 895 1379 indicia
927 1341 1106 1381 artificis
1134 1340 1328 1392 ingenii,
1359 1347 1410 1379 ut
1433 1348 1538 1380 eum·
1553 1345 1682 1394 pater

207 1396 263 1438 ad
279 1401 550 1454 praeclaram
571 1404 770 1458 fingendi
792 1415 934 1455 artem
957 1407 1276 1454 dexterrimum
1298 1409 1600 1451 arbitraretur.

321 1533 411 1576 Sed
433 1535 489 1577 ad
511 1541 676 1590 majora
695 1549 827 1582 natus
849 1557 983 1598 puer,
1026 1545 1095 1585 cui
1119 1559 1209 1585 non
1228 1542 1426 1599 lapidum
1441 1572 1452 1593 ‚
1491 1540 1570 1581 sed
1587 1541 1683 1580 hu-.

208 1615 443 1645 manorum
471 1606 720 1649 animorum
744 1612 972 1652 scabrities
996 1621 1089 1653 erat
1107 1611 1409 1653 emendanda:
1440 1609 1683 1650 innutritus

210 1683 313 1721 ergo
346 1671 602 1714 liberalibus
634 1674 901 1733 disciplinis,
944 1678 1117 1720 Rhetor
1137 1680 1244 1729 fuit,
1283 1678 1442 1727 Poeta,
1473 1675 1696 1735 Logicus3

211 1733 454 1783 Testantur
483 1739 530 1779 id
565 1742 706 1798 ipsius
740 1746 925 1800 scripta:
976 1747 1180 1803 inprimis
1220 1753 1381 1799 quauta
1416 1743 1684 1783 dexteritate

210 1802 486 1847 adversarios
512 1807 775 1864 disputando
807 1811 1071 1853 convicerit:
1103 1821 1262 1868 quauta
1285 1810 1490 1852 facundia
1511 1823 1685 1852 caussas

209 1869 259 1910 in
292 1873 388 1912 foro
420 1877 668 1929 peregerit,
709 1887 872 1934 quanta
896 1881 1112 1921 facilitate
1137 1879 1414 1921 comicorum
1445 1891 1685 1934 personam

209 1950 302 1983 non
322 1947 414 1983 tam
433 1942 585 1995 ligatu,
608 1959 738 2004 quam
761 1948 923 2000 soluto,
947 1946 1123 1989 dicendi
1143 1962 1305 2001 genere
1326 1945 1681 2006 repraesentarit.

322 2070 408 2116 Ad*
438 2076 526 2118 Dei
566 2079 864 2130 cognitionem
894 2091 939 2124 et
965 2097 1123 2125 verum
1155 2085 1322 2125 cultum
1352 2082 1391 2123 si
1420 2090 1684 2138 spectemus,

209 2139 295 2181 hac·
322 2151 447 2197 parte
473 2147 548 2185 vel
574 2148 768 2189 maxime
787 2150 974 2206 impium
996 2152 1133 2191 fuisse
1156 2165 1256 2191 eum
1280 2158 1325 2190 et
1345 2148 1603 2203 παμμιοτρόν,
1633 2155 1686 2194 ut

209 2210 271 2249 ait
294 2210 454 2263 Sumus,
485 2213 679 2254 libenter
700 2217 916 2268 fatemur,
950 2220 1026 2272 qui
1052 2232 1141 2258 non
1163 2220 1307 2258 solum
1326 2217 1413 2259 Dei
1431 2216 1685 2273 providen-

207 2277 316 2317 tiam
341 2278 450 2320 risui
468 2281 658 2332 habere,
691 2282 768 2322 sed
790 2292 835 2323 et
854 2283 1079 2325 Christum
1096 2286 1262 2340 ipsum,
1296 2286 1482 2326 humani
1506 2285 1684 2337 generis

207 2344 446 2398 vindicem,
478 2350 649 2390 cavillis
669 2359 713 2390 et
733 2353 981 2397 maledictis
1000 2353 1209 2397 insectari
1234 2354 1371 2395 suerit
1400 2365 1557 2398 ausus:
1588 2360 1683 2394 tam

207 2412 337 2451 ferali
356 2415 487 2465 rabie,
521 2424 570 2455 ut
592 2430 671 2471 per
694 2417 936 2460 ludibrium
958 2419 1348 2473 ἀνεσκολοπισμένον
1370 2417 1566 2471 σοφιστὴν
1590 2433 1681 2460 sce-

206 2477 346 2519 lerate
369 2482 736 2536 calumniaretur,
769 2493 813 2524 et
838 2487 954 2540 quod
978 2488 1163 2528 Ponticus
1194 2488 1383 2527 Virunius
1415 2490 1465 2529 in
1492 2486 1683 2542 quadam

208 2546 396 2599 epistola
426 2552 653 2603 observat,
685 2551 870 2593 Joannis
900 2569 1074 2609 quoque
1100 2555 1393 2607 Evangelium
1416 2558 1680 2597 incesseret:

208 2613 323 2666 quod
343 2613 396 2657 de
420 2615 674 2673 Philopatre
707 2619 872 2660 dictum
910 2623 1158 2664 existimari
1192 2631 1353 2677 potest.
1418 2623 1504 2673 [At
1536 2635 1681 2676 neque

205 2680 457 2735 Plzilopatrin
484 2687 536 2724 ab
567 2687 713 2727 Nos-tro
740 2689 973 2744 scriptum,
1006 2703 1086 2729 nec
1116 2689 1317 2742 Peregrini
1343 2691 1524 2730 nomine
1547 2688 1683 2732 Chri-

205 2754 346 2800 stum,
398 2750 478 2792 sed
516 2754 711 2811 aliquem
755 2756 960 2810 Cynicum,
1019 2756 1150 2804 Pario
1186 2756 1468 2812 Hellesponti
1517 2754 1680 2812 oppido

1769 291 1772 311 t
