1778 3194
210 251 309 279 exn
680 242 1239 276 EDITIONES‘

210 348 318 391 1535
377 344 562 397 Parisiis,
593 348 634 388 8.
666 342 993 396 Deor.Dialogi
1017 340 1200 383 XXIV.
1226 340 1388 384 marini
1409 340 1675 396 dialogixv

379 422 425 455 et
467 421 743 455 mortuorum
793 411 977 462 dialogi,
1030 407 1101 450 Gr.
1115 418 1296 450 curante
1341 408 1421 450 Ch.
1464 408 1673 454 Wechel.

375 480 579 533 Adjecti:
616 479 787 533 Dialogi
815 477 874 519 V.
915 476 1153 528 Balneum,
1194 476 1416 530 Bacchus,
1445 476 1675 530 Hercules,

375 548 736 600 Olores,Muscae
758 545 1021 596 encomium,
1043 543 1113 587 Gr.
1126 544 1238 585 Ibid.
1251 547 1348 587 eod.
1364 547 1532 588 editore
1546 550 1668 592 1536.

205 632 313 674 1536
373 627 554 680 Patisiis,
586 634 624 672 8.
656 626 845 669 Luciani
872 627 1041 681 aliquot
1053 624 1231 678 Dialogi
1251 640 1350 667 cum
1380 627 1512 668 notis.
1534 624 1670 667 Paris.

374 696 489 753 apud
516 697 628 738 Rob.
656 697 908 749 Stephanum.

376 777 558 826 Parisiis,
590 781 630 820 8.
663 775 884 816 Parasitus
906 773 977 815 Gr.
1004 779 1184 814 curante
1212 771 1290 814 Ch.
1314 772 1522 817 VVechel.

205 857 279 899 s.l.
292 864 335 897 et
349 869 386 896 a.
401 859 442 899 4.
460 854 650 897 Luciani
669 852 1079 908 Icaro-Menippus
1103 867 1136 893 s.
1160 852 1547 909 Hypernephelus,
1565 854 1674 895 item

373 922 514 976 ejusd.
558 922 797 978 Menippus
846 935 880 962 s.
920 921 1263 975 Necyomantia,
1312 921 1422 962 item
1466 921 1674 963 vitarum

373 992 532 1034 auctio.

209 1075 318 1116 1537
375 1069 679 1123 Norimbergcze,
710 1074 750 1113 4.
783 1067 972 1111 Luciani
995 1067 1220 1121 Macrobii,
1249 1066 1296 1108 id
1317 1076 1398 1120 est,
1427 1066 1675 1122 Longaevi,

381 1138 587 1193 Opsopoeo
604 1138 864 1192 interprete.

375 1217 543 1257 Parisiis
573 1231 643 1273 ap.
665 1216 890 1266 wachel„
922 1220 962 1259 8.
995 1214 1172 1268 Dialogi
1196 1229 1291 1260 sex,
1315 1215 1494 1258 Graece.

374 1295 657 1348 Nor-imbergae
677 1309 745 1349 ap.
768 1293 1017 1346 Petrejum,
1051 1298 1088 1337 8.
1122 1294 1285 1348 dialogi
1306 1298 1542 1347 coelestes,
1573 1309 1676 1336 ma·-

376 1363 465 1405 rini
483 1371 527 1404 et
546 1364 728 1416 inferni,
759 1375 927 1414 graece.

374 1456 546 1496 Parisiis
587 1468 656 1509 ap.
689 1452 765 1495 Ch.
796 1453 1027 1504 Wechel„
1067 1459 1106 1498 8.
1140 1453 1390 1497 Toxariss.
1421 1450 1476 1493 tle
1511 1455 1673 1496 amici-

371 1526 459 1574 tia,
491 1521 565 1563 Gr.

201 1606 311 1648 1545
369 1602 646 1655 Antwerpiae,
687 1606 727 1645 8.
760 1599 951 1642 Toxaris
978 1613 1012 1642 s.
1053 1600 1107 1643 de
1137 1601 1341 1654 amicitia,
1384 1601 1458 1647 Gr.
1490 1612 1669 1646 curante

368 1670 573 1711 Steelsio.

203 1752 310 1795 1548
368 1748 547 1801 Paris-iis,
578 1754 619 1793 8.
651 1747 838 1790 Luciani
859 1747 1027 1803 aliquot
1047 1745 1238 1804 Dialogi,
1270 1749 1447 1803 Latine,
1479 1766 1578 1793 cum
1594 1765 1671 1792 ex·

367 1816 637 1874 planatione.
670 1815 807 1857 Paris.
827 1815 943 1872 apud
962 1815 1075 1857 Rob.
1109 1817 1363 1872 Stephanum.

203 1912 313 1954 1556
369 1909 642 1963 Argentinae‚
681 1912 722 1953 8.
765 1905 943 1960 Dialogi
969 1907 1156 1949 Luciani
1184 1909 1438 1949 serectiores
1465 1908 1669 1966 Supero-

369 1992 491 2029 rum,
522 1976 820 2027 marinorum,
853 1985 898 2017 et
918 1975 1180 2018 Inferorum.
1215 1975 1387 2029 Quibus
1407 1975 1546 2018 additi
1565 1985 1670 2018 suut

367 2044 664 2086 Prometheus
697 2044 794 2085 sive
829 2041 1068 2095 Caucasus,
1107 2043 1345 2100 Menippus
1379 2058 1456 2086 seu
1487 2045 1668 2098 Necyo—

367 2112 553 2165 mantia,
584 2112 747 2153 Timon
767 2113 841 2153 vel
863 2112 1204 2168 Misanthropos.
1235 2111 1468 2153 Praeterea
1491 2114 1566 2152 alii
1588 2126 1665 2152 ve·

368 2182 590 2223 nustiores
609 2179 797 2221 istorum
815 2180 861 2220 in
882 2181 1026 2221 locum
1051 2180 1292 2229 substituti,
1315 2182 1389 2233 qui
1400 2178 1662 2219 Christianis

365 2250 545 2290 auribus
568 2256 670 2289 sunt
692 2246 878 2299 indigni.
905 2246 1011 2287 Cum
1037 2247 1324 2287 conversione
1348 2248 1539 2296 vulgata.
1561 2245 1666 2286 Ad-

364 2321 480 2370 jecta
493 2324 595 2357 sunt
616 2312 1209 2369 ΣχόλιαῥητορικάῩΗΙΘιιιίηἰ
1234 2315 1454 2369 Erythraei:
1477 2323 1520 2354 et
1538 2329 1662 2367 argu-

364 2393 518 2427 menta
550 2382 861 2435 Dialogorum,
899 2381 1072 2424 Latinis
1093 2383 1294 2422 versibus
1317 2389 1522 2422 tractata:
1564 2395 1663 2422 cum

367 2451 640 2510 quarundam
654 2452 903 2492 fabularum
921 2451 1146 2504 μυθολογίᾳ
1164 2448 1347 2490 ‚Ioannis
1371 2449 1559 2489 Sambuci
1569 2449 1665 2489 Tir-

363 2521 591 2562 navieusis
622 2519 862 2560 Pannonii:
916 2527 960 2558 et
1000 2517 1228 2558 Michaelis
1273 2519 1447 2556 Tomitae
1481 2516 1658 2557 Rhoeti.

361 2588 652 2640 Argentinae.
725 2585 811 2628 Per
846 2585 1032 2627 Paulum
1073 2593 1116 2626 et
1160 2585 1416 2642 Philippum
1453 2583 1662 2638 Ccplzczleos

363 2660 531 2697 fratres,
565 2677 621 2683 -—
651 2652 954 2694 Praemittitur
976 2655 1078 2694 huic
1103 2653 1204 2695 edit.
1221 2654 1435 2708 praefatio
1455 2651 1658 2691 Valenti-

365 2726 413 2765 ni
430 2723 664 2777 Erythraei
683 2721 738 2762 ad
765 2721 832 2764 Jo.
865 2720 1116 2776 Christoph.
1149 2719 1448 2775 Surgandum,
1480 2717 1658 2759 studio-
