1778 3194
255 251 1577 293 SCRIPTISQUELUCIANI.Lvn

107 356 210 405 dori,
234 357 393 411 quibus
409 355 576 396 mentio
597 357 741 394 fuerat
750 353 1017 402 Artaxerxis,
1031 349 1250 407 siquidem
1260 351 1496 393 Artaxerxi
1503 368 1582 409 par

67 442 75 449 ’
107 431 252 465 aetate
272 425 431 464 fuisset
451 438 539 463 non
561 421 737 461 Isidorus
758 422 867 475 ipse,
881 418 956 460 sed
970 427 1174 475 parentes
1192 419 1406 459 duntaxat
1418 420 1578 461 Isidori.

106 491 262 546 Itaque
283 506 412 547 quam
433 500 598 532 certum
623 499 689 530 est
709 501 882 529 nostrum
902 501 999 528 esse
1022 486 1220 526 Isidorum
1234 519 1245 539 ,
1268 501 1399 544 quem
1420 498 1582 531 testem

105 559 291 600 advocat
311 558 541 610 Lucianus,
563 567 652 598 tam
675 565 843 598 certum
866 558 999 596 etiam
1020 568 1116 595 esse
1135 569 1317 595 necesse
1341 565 1421 608 est,
1443 559 1583 599 alium

107 641 206 668 esse
227 631 280 669 ab
306 642 358 668 eo
373 660 383 680 ,
417 641 548 683 quem
576 627 685 666 vicit
705 625 944 666 Alexander
966 623 1145 672 Severus,
1176 623 1457 664 Artaxerxem
1471 628 1583 665 Per-

104 711 241 734 sarum
264 710 412 749 regem
427 697 449 747 ‚'
470 709 602 750 quem
624 697 672 736 in
695 694 851 733 Isidoro
876 692 1041 748 reperit
1060 691 1278 731 Lucianus.
1329 690 1426 732 Huc
1444 707 1584 750 usque

102 763 354 815 Dodwellus,
396 765 467 804 cui
499 764 828 815 subjungimus,
860 774 971 817 quae
995 759 1050 799 ad
1077 759 1200 799 illius
1219 758 1332 799 dicta
1362 775 1584 802 commen-

103 839 222 872 tatus
253 840 320 872 est:
347 832 406 874 M.
438 832 494 875 V.
528 847 583 872 LA
612 830 761 873 Cnozr:
797 831 848 871 in
875 828 1060 871 Miscell.
1107 826 1308 870 Berolin.
1346 826 1583 872 societatis

96 896 294 953 Regiae,
324 908 436 955 part.
475 906 511 944 1.
542 915 584 956 p.
606 904 675 943 27.

214 1034 340 1077 Inter
360 1051 435 1078 eos
455 1038 690 1094 scriptores
715 1035 922 1087 Graecos,
950 1031 1025 1090 qui
1049 1041 1240 1075 aetatem
1261 1034 1474 1085 tulerunt,
1505 1034 1584 1075 vix

99 1104 243 1145 unum
266 1119 364 1145 esse
393 1108 534 1146 ferme
554 1104 856 1146 contenderim
870 1136 881 1155 ‚
913 1105 990 1158 qui
1008 1111 1074 1142 tot
1096 1116 1145 1142 ac
1165 1103 1303 1142 tantis
1325 1115 1373 1141 se
1408 1101 1583 1141 dotibus

102 1171 275 1223 ingenii
304 1174 459 1213 lectori
493 1172 793 1223 commendet,
834 1168 965 1227 atq‘ue
995 1171 1214 1210 Lucienus.
1274 1168 1454 1209 Etenim
1487 1171 1583 1210 sive

104 1237 163 1278 ad
182 1253 327 1280 rerum
350 1243 612 1281 varietatem
632 1250 677 1281 et
697 1242 868 1295 copiam
892 1240 1090 1280 animum
1112 1234 1381 1287 adtenderis,
1411 1238 1507 1278 sive
1529 1237 1584 1277 ad

104 1307 419 1347 festivissimos
451 1310 676 1362 scriptoris
698 1307 1017 1360 elegantissimi
1034 1308 1178 1356 jocos,
1211 1312 1256 1343 et
1273 1303 1586 1344 incredibilem

105 1372 155 1412 in
179 1375 455 1425 exagitandis
485 1377 606 1428 vulgi
632 1384 676 1416 et
704 1377 1078 1431 Philosophorum
1109 1371 1393 1427 opinionibus
1415 1372 1586 1423 ingenii

107 1449 153 1479 et
177 1443 390 1482 orationis
411 1445 740 1493 amoenitatem,
773 1444 904 1492 nihil,
947 1442 1126 1497 opinor,
1162 1440 1268 1488 erit,
1300 1437 1349 1478 in
1374 1452 1458 1492 quo
1483 1452 1586 1479 eum

106 1509 200 1549 uilo
222 1517 427 1550 veterum
448 1510 707 1551 inferiorem
729 1510 962 1550 adfirmare
984 1509 1139 1564 possis.
1171 1505 1328 1562 Itaque
1354 1520 1587 1546 nonnum-

109 1589 240 1630 quam
261 1578 397 1617 subiit
422 1577 653 1629 admirari,
697 1593 770 1618 cur
793 1579 839 1616 in
859 1584 982 1616 tanta
1009 1574 1272 1616 criticorum
1296 1574 1419 1628 copia
1434 1606 1445 1624 ,
1477 1588 1586 1629 quos

108 1644 162 1683 ab
181 1645 436 1685 instauratis
457 1647 682 1685 literarum
705 1643 863 1684 studiis
886 1642 1090 1683 floruisse
1111 1643 1332 1693 novimus,
1365 1655 1497 1682 nemo
1520 1642 1587 1682 in·

107 1720 272 1755 ventus
307 1713 363 1752 sit
397 1721 571 1767 praeter
610 1712 896 1767 Tanaquillum
936 1710 1128 1761 Fabi-um,
1179 1709 1378 1765 aliosque
1423 1708 1586 1764 oppido

108 1793 289 1836 paucos,
317 1781 451 1834 quiin
464 1795 515 1821 eo
535 1782 747 1837 scriptore
762 1778 1024 1820 adornando
1037 1792 1169 1833 supra
1187 1775 1502 1817 Grammaticas
1514 1778 1589 1816 ob-

109 1848 387 1896 servationes
418 1848 653 1900 adsurgere
686 1850 832 1889 conati
864 1849 965 1887 sint.
1035 1845 1201 1886 Latent
1227 1843 1348 1885 haud
1370 1857 1510 1899 ‚pauca
1540 1844 1589 1883 in

111 1916 288 1957 Luciam·
317 1917 513 1970 scriptis,
555 1915 715 1956 idonea
739 1918 869 1956 rebus
891 1914 1113 1955 historicis
1132 1911 1431 1964 illustrandi53
1473 1910 1590 1967 quod

112 1983 187 2025 hic
208 1983 333 2024 brevi
351 1991 397 2022 et
417 1991 651 2037 properato
672 1983 914 2037 specimine
942 1981 1244 2022 demonstrare
1267 1981 1492 2023 constitui.

228 2115 380 2157 Edidit
403 2129 546 2170 nuper
577 2115 646 2155 vir
671 2116 920 2167 insignibus
950 2114 1211 2157 eruditionis
1238 2124 1282 2156 et
1313 2114 1590 2161 humanioris

111 2184 373 2227 literaturae
392 2184 694 2223 monumentis
718 2185 877 2224 merito
901 2185 1229 2233 celeberrimus,
1258 2183 1458 2222 Hem-icus
1478 2183 1592 2222 Docl-

114 2252 264 2302 wellas,
295 2250 626 2290 dissertationes
644 2250 691 2289 in
713 2252 907 2291 minores
929 2249 1214 2306 Geographos
1235 2266 1260 2291 a
1280 2251 1378 2291 viro
1393 2252 1592 2292 clarissi-

100 2328 191 2362 'mo
214 2319 365 2359 Ioanne
386 2316 559 2357 Huclson
582 2317 787 2360 Oxoniae
813 2319 978 2368 editos,
1011 2320 1058 2358 in
1082 2319 1238 2374 quibus
1260 2317 1312 2358 de
1334 2332 1487 2359 eorum
1511 2333 1593 2359 ae-

99 2397 234 2438 tate,
275 2387 351 2441 qui
385 2394 587 2427 veterem
619 2385 943 2443 Geographiam
971 2387 1145 2441 scriptis
1180 2386 1270 2426 suis
1299 2387 1592 2438 illustrarunt,

118 2454 452 2498 adcuratissime
485 2453 693 2510 disputat.
754 2455 807 2495 In
841 2469 891 2496 ea
912 2463 1085 2506 autem,
1118 2467 1230 2509 quae
1251 2462 1318 2494 est
1344 2453 1398 2494 de
1417 2453 1592 2495 Isidoro

121 2522 393 2573 Characeno,
425 2520 565 2563 Tomo
586 2521 779 2563 secundo
800 2521 1175 2578 Geographorum,
1207 2523 1383 2572 Luciani
1402 2529 1594 2563 aetatem

122 2600 169 2632 et
188 2604 260 2632 res
281 2598 439 2643 gestas,
471 2592 699 2630 occasione
720 2590 835 2642 data,
868 2605 925 2631 ex
944 2593 1052 2648 ipsis
1076 2590 1394 2643 elegantissimi
1412 2590 1595 2644 scripto-

102 2660 186 2701 ,ris
208 2657 599 2707 lucubrationibus,
625 2659 686 2698 ita
706 2660 929 2701 illustrare
939 2658 1207 2712 adgreditur,
1232 2665 1282 2698 ut
1293 2671 1345 2697 ea
1366 2657 1413 2698 in
1434 2669 1482 2698 re
1506 2670 1595 2696 an-

126 2731 173 2774 te
208 2737 311 2766 eum
339 2726 457 2768 nihil
487 2725 628 2768 adhuc
647 2734 800 2770 actum
830 2741 927 2771 esse
953 2727 1171 2776 videatur.
1226 2724 1363 2770 ⁴Sane
1394 2724 1501 2767 licet
1527 2724 1596 2763 vir
