1778 3194
477 235 564 266 IN
668 233 1160 268 NIGRINUM.
1449 221 1549 268 269

84 349 164 374 usu
183 334 281 374 talis
300 335 431 373 v'estis
465 334 626 373 tinctae
662 333 843 373 violatio
873 333 979 388 legis
1006 333 1266 386 quaerenda,
1303 333 1375 373 sed
1399 334 1550 388 potius

84 391 128 429 in
165 406 237 441 eo,
280 391 394 445 quod
427 391 520 443 quis
549 390 661 429 ludis
704 390 790 428 illis
817 389 1142 435 Panathenaicis
1181 389 1390 444 ejusmodi
1420 391 1550 430 vesti.

81 446 159 485 bus
184 446 358 485 indutus
380 448 612 487 interesset.
645 446 891 486 Offenderat
911 446 1037 496 enim,
1063 446 1178 499 quod
1199 447 1308 486 civis
1329 448 1408 485 iste
1422 446 1549 485 Athe-

86 503 249 542 niensis
269 504 452 557 βαπτὸν’
441 506 540 556 ἔχων
561 502 719 557 ἵμᾶτιον
750 501 965 556 ἐθεώρει
979 535 989 552 ,
1012 512 1060 540 ut
1078 501 1208 542 modo
1230 513 1550 551 narratum381-

83 574 165 614 que
182 560 242 607 is,
274 561 350 613 qui
371 561 431 598 sic
452 559 710 612 deliquerat,
745 559 1034 598 abducebatm
1061 576 1172 610 παρα
1191 556 1260 600 τὸν
1291 557 1549 614 ἀγωνοθέ-

79 633 136 667 τη
150 633 187 656 ν.
218 617 368 668 Itaque
388 615 768 654 commodissimam
789 624 832 653 et
853 615 1096 654 facillimam
1110 615 1395 654 Hemsierkusii
1410 630 1553 655 emen-

81 671 296 711 dationem
320 670 605 724 recipiendam
624 671 742 710 duxi.
776 671 979 710 Probavit
998 681 1040 710 et
1054 670 1364 724 GniZ.Langius.
1387 673 1546 713 LE11M.

192 729 350 769 Ead.1.
387 733 451 771 11.
488 727 600 781 Πρὸς
620 727 668 768 τὰ
691 724 810 780 φύσει
833 726 931 768 node}
951 726 1044 783 ζῆν)
1076 729 1157 768 Pet
1183 727 1417 766 dictionem
1446 727 1548 769 καλοὶ

79 793 284 837 tempeiat
303 785 589 822 austeritatem
613 784 815 822 dictionis
836 789 908 825 τοῦ
928 787 1010 841 ζῃν,
1023 783 1174 832 laetam,
1195 786 1308 836 genio
1327 784 1550 830 indutam-e:

80 840 132 879 de
156 855 238 894 qua
266 839 410 879 dixere
433 839 517 877 viri
541 839 794 880 doctissimi.
827 828 979 880 Cetera
1000 839 1126 894 hujus
1145 841 1327 895 paginae
1351 840 1398 878 in
1410 839 1549 881 Gallo.

76 896 255 937 Boium

190 952 292 993 Εαίῖ.
329 956 356 991 l·
390 957 453 996 14.
496 954 689 1005 Μετροῖ)
731 954 829 992 Hoc
871 954 1026 993 vitium
1058 966 1202 992 omnes
1242 949 1336 991 edd.
1368 951 1551 992 insedit:

77 1027 121 1063 μ
109 1015 217 1064 τρεῖ,
233 1008 346 1062 quod
367 1009 552 1062 reposui,
574 1020 811 1049 Stlucturae
831 1010 939 1049 ratio
963 1008 1218 1062 postulabat
1252 1009 1451 1048 Demostlz.
1472 1022 1550 1077 pro

79 1065 178 1106 Cor
211 1080 253 1118 P·
272 1069 369 1109 521.
403 1066 449 1106 C.
475 1070 523 1122 τῇ
540 1066 680 1120 γαστρὶ
697 1084 741 1118 μ
729 1071 931 1121 τροῦντες
953 1067 1022 1107 καὶ
1042 1071 1126 1114 τοῖς
1145 1067 1360 1118 αισχίστοις
1387 1063 1460 1117 τὴν
1486 1061 1551 1106 εὗ-

77 1124 310 1175 δαιμονίαν·
340 1122 413 1175 qui
431 1107 574 1169 luciis,
609 1136 704 1160 cum
737 1122 782 1160 in
802 1122 1040 1162 Rhetorum
1064 1131 1172 1161 esset
1194 1120 1353 1160 scholis
1381 1123 1554 1174 pervul-

80 1188 225 1232 gatus,
259 1177 376 1227 (vid.
401 1178 548 1217 Theon.
565 1178 793 1241 Prflogvmn,
816 1193 860 1231 p
880 1181 982 1227 95.)
1014 1177 1067 1216 ad
1083 1177 1339 1216 imitandum
1368 1176 1552 1215 mirifice

78 1234 264 1287 placuit:
297 1232 477 1272 totidem
511 1232 649 1272 verbis
668 1233 871 1275 Plutavffclz
904 1236 952 1272 T.
982 1235 1043 1272 II.
1067 1248 1108 1286 p.
1134 1238 1202 1276 97,
1223 1235 1283 1274 D.
1306 1243 1348 1273 et
1381 1233 1550 1285 saepius

80 1289 206 1328 alibi:
239 1290 361 1328 Hero
355 1289 460 1329 Han.
484 1288 519 1338 I,
543 1295 583 1334 6.
606 1287 650 1330 τὸ
676 1289 869 1342 εὔδαιμον
895 1290 1034 1345 γαστρὶ
1062 1290 1132 1331 καὶ
1149 1295 1233 1338 τοῖς
1254 1292 1468 1342 αἰσχίστοις
1486 1305 1531 1342 με
1515 1315 1553 1330 c-

78 1350 244 1398 τροῦσι·
282 1344 388 1383 adde
406 1345 595 1385 Damasc.
628 1344 740 1398 apud
765 1345 880 1385 huid.
901 1347 947 1384 in
981 1343 1125 1400 Ψυχή
1164 1346 1385 1384 accusabat
1405 1346 1552 1383 Timo-

79 1411 255 1450 eiatem,
288 1402 458 1439 fratrem
488 1415 631 1452 suum,
664 1401 968 1451 Metrodorus,
1010 1401 1118 1456 quod
1144 1402 1361 1451 dubitaret,
1400 1403 1551 1451 omnia,

77 1474 177 1510 quae
205 1457 260 1496 ad
283 1457 435 1495 beatam
456 1459 575 1495 mitam
604 1460 842 1511 pertineant,
875 1469 1003 1496 2³·entte
1033 1460 1181 1505 metiri,
1214 1467 1320 1496 teste
1344 1457 1464 1497 Cicer.
1498 1455 1553 1496 de

78 1514 134 1553 N.
158 1514 218 1553 D.
243 1513 276 1552 I.
300 1527 335 1552 c.
335 1517 428 1555 ’.40
460 1515 686 1551 metirisuis
707 1513 923 1552 commodis
944 1516 1100 1561 omnia,
1133 1489 1187 1552 id’.
1213 1512 1263 1551 de
1284 1514 1378 1553 LL.
1402 1514 1444 1563 I,
1481 1517 1548 1556 14.

78 1568 258 1609 Phrasin
282 1569 425 1611 Noster
443 1569 625 1608 variavit
647 1570 758 1608 Patr.
772 1570 960 1608 Encom.
985 1573 1025 1618 0
1049 1575 1113 1612 10.
1134 1571 1276 1622 μέτρου
1295 1565 1555 1637 εὐδαιμονίας

77 1624 148 1674 τοὶς
164 1626 236 1679 τῆς
254 1623 424 1680 γαστρὸς
453 1621 606 1675 ’νδονας
625 1626 838 1678 τιθέμενοι.
898 1625 967 1664 Sic
988 1626 1152 1666 Muson.
1176 1627 1258 1678 Ep.
1288 1630 1343 1683 τῷ
1369 1622 1553 1682 ἀργυρίῳ

76 1679 206 1725 πάντα
224 1688 390 1735 μετρεῖν.
450 1681 554 1733 Ejus
574 1682 739 1735 generis
762 1682 807 1720 in
827 1681 1015 1734 patribus
1037 1682 1255 1721 Ecclesiae
1272 1671 1454 1735 plurima
1475 1697 1553 1723 vo-

76 1741 167 1778 lens
197 1748 440 1792 praetereo,
474 1737 659 1801 itemque
689 1738 948 1792 Protagorae
975 1738 1136 1778 dictum
1168 1739 1297 1777 toties
1329 1754 1349 1777 a
1372 1739 1561 1786 Platone*

78 1794 396 1849 impugnatum,
442 1790 619 1834 Πάντων
649 1794 794 1846 μέτοον
821 1793 1053 1844 ἄνθρωπος.
1113 1795 1214 1832 Istis
1246 1804 1407 1843 autem,
1440 1808 1552 1848 quae

77 1849 150 1889 hic
177 1859 432 1900 tractantur,
465 1852 644 1886 multum
671 1848 801 1888 habet
825 1850 1026 1888 assimilia
1049 1850 1221 1903 Longin.
1245 1850 1354 1891 Sect.
1385 1851 1552 1892 ultima.

77 1906 258 1947 Hmmr.

190 1961 386 2014 Pag.38.
420 1963 449 2000 1.
485 1966 522 2003 1.
573 1959 824 2016 Λατρεύειν)
872 1962 1198 2002 M.B1unne1ns
1229 1960 1282 2000 ad
1312 1961 1554 2016 Palaephat.'

79 2033 112 2060 c.
123 2020 190 2062 45.
205 2019 341 2056 utitur
360 2017 443 2055 hoc
460 2020 571 2067 loco,
586 2016 659 2054 ubi
679 2016 728 2056 (le
742 2017 946 2059 δουλεύειν
965 2027 1008 2057 et
1023 2017 1225 2072 λατρεύειν
1238 2018 1341 2072 agit.
1362 2019 1548 2059 HEMsT.
1552 2026 1555 2032 '

189 2073 292 2113 Ead.
335 2076 363 2113 1.
402 2077 440 2117 5.
493 2070 789 2126 Διεφθορὸτων
826 2070 1040 2127 ασμάτων)
1076 2080 1148 2116 Διε
1135 2073 1341 2126 φθορὸτα
1381 2073 1551 2127 ἅσματα,

79 2145 187 2186 quae
211 2129 305 2168 aliis
329 2127 546 2183 κατεαγότα
563 2130 670 2181 μέλη,
693 2130 739 2167 111
761 2130 899 2171 fallor.
930 2131 1106 2169 BounD.
1165 2130 1346 2169 Perditae
1366 2132 1551 2169 cantile-

78 2201 171 2237 nae,
195 2200 280 2226 non
306 2200 391 2239 quo
413 2187 530 2238 ipsae
550 2185 731 2224 fuissent
754 2187 974 2239 pessimae,
997 2198 1068 2225 aut
1089 2201 1224 2225 mores
1248 2185 1547 2239 perdidissent,

78 2242 150 2282 sed
180 2240 296 2296 quod
330 2241 379 2279 ab
407 2241 655 2279 hominibus
682 2242 866 2294 perditis,
900 2242 941 2284 h
971 2257 1007 2283 e.
1028 2243 1198 2280 lascivis
1233 2257 1279 2280 ac
1310 2243 1547 2293 dissolutis,

78 2295 477 2352 proficiscebantur;
511 2296 703 2350 intellige
737 2298 888 2348 scolia,
923 2299 1108 2337 carmina
1143 2300 1369 2347 amatoria,
1413 2298 1550 2336 canti-

76 2359 192 2402 lenas
213 2353 351 2393 omnis
373 2353 538 2405 generis
561 2353 739 2392 lascivas
752 2364 794 2393 et
809 2353 1035 2394 obscoenas
1039 2357 1199 2408 palam
1220 2369 1241 2392 a
1256 2330 1478 2406 juventute
1493 2355 1548 2394 11-

78 2410 275 2449 bidinosa
292 2411 360 2447 vel
382 2408 584 2458 interdiu,
605 2411 673 2447 vel
695 2420 820 2449 nocte
839 2410 1088 2463 intempesta
1110 2425 1185 2463 per
1207 2413 1364 2463 plateas
1392 2410 1548 2449 decan-

76 2476 200 2505 tatas.
261 2466 332 2504 De
360 2464 477 2502 vocis
498 2464 735 2518 διεφθορώς
746 2467 791 2505 vi
820 2476 860 2505 et
888 2481 967 2505 usu
996 2467 1123 2517 alibi,
1154 2467 1191 2505 si
1212 2466 1311 2504 Deo
1339 2466 1543 2520 placebit,

79 2521 132 2561 ad
148 2522 282 2562 Dian.
305 2521 439 2559 Deor.
460 2519 584 2569 XIII,
607 2526 646 2563 2.
678 2522 832 2564 me.

189 2577 422 2620 Ead.1.6.
465 2577 647 2624 ΙΡΙεσταὶ)
678 2577 747 2615 Ex
767 2578 955 2619 Homero.
980 2582 1123 2634 quales
1157 2589 1389 2632 perpetuae
1419 2592 1546 2631 paro-

80 2631 208 2673 diae
195 2648 241 2672 m
261 2633 457 2673 Luciano.
488 2632 665 2671 Bou-nn.
702 2634 772 2672 Ex
791 2636 925 2674 Arato
945 2635 1082 2673 haec'
1070 2649 1115 2672 111
1138 2649 1323 2688 prooem.
1346 2634 1398 2674 de
1417 2634 1545 2687 Jove,

79 2703 185 2745 quae
204 2689 251 2731 in
269 2704 356 2731 rem
377 2702 517 2740 suam,
551 2702 627 2745 qm
650 2701 738 2734 moe
765 2691 808 2737 ei
830 2691 1051 2751 solemnis,
1084 2700 1217 2739 vertit
1238 2701 1378 2737 noster.
1442 2692 1546 2737 Ver-
