1778 3194
600 244 898 276 TIMON.

176 345 385 386 ΠΛΟΥΤ.
410 337 651 399 Ὀξυδερκὴς
664 341 750 386 τότε
768 359 855 392 πως
873 338 913 395 ¹)
943 343 1012 392 καὶ
1034 338 1227 398 ἀρτίπους
1243 342 1479 405 γῖγνομαιρ.
1496 370 1571 405 139·

1368 238 1432 281 87

61 409 162 467 πρὸς
181 410 309 465 μόνον
325 411 396 455 τὸν
415 407 555 467 καιρὸν
578 415 648 466 τῆς
667 416 814 467 φυγῆς.

174 486 311 524 ΕΡΜ.
339 480 430 524 ”En
451 478 501 535 δή
520 498 587 535 μοι
605 481 807 522 καὶτοῦτο
830 475 1060 536 ἀπόκριναι,
1089 486 1174 531 πῶς
1188 481 1340 536 τυφλὸς
1359 481 1429 535 ὢν,
1454 493 1510 535 26

61 549 290 605 (εἰρήσεται
310 548 439 606 γάρ,)
479 550 546 591 καὶ
573 549 733 604 προςέτι
759 544 906 604 ὦχρός,
936 550 1004 591 καὶ
1032 548 1158 603 βαρὺς
1182 552 1225 593 ἐκ
1245 557 1328 593 τοῖν
1349 566 1432 594 σκε·

59 622 166 669 λοῖν,
194 616 408 668 τοςούτους
422 616 588 672 ἐραστὰς
604 618 700 670 ἔχεις
717 615 795 673 ¹¹¹),
826 615 922 667 ὥςτε
941 615 1094 668 πάντας
1113 615 1353 672 ἀποβλέπειν
1375 621 1433 668 εἰς

59 687 104 728 σέ
111 702 126 736 3
154 688 223 728 καὶ
243 685 432 741 τυχόντας
455 685 547 740 μὲν,
576 681 826 740 εὐδαιμονεῖν
848 687 1029 729 οἴεσθαι·
1060 685 1155 729 εἰδὲ
1177 681 1429 739 ἀποτύχοιεν,

60 770 136 797 ουκ
165 750 376 808 ἀνέχεσθαι
404 757 574 806 ζωνταςς
604 752 694 797 οἶδα
723 759 824 810 γοῦν
855 771 966 804 τινας
995 749 1070 797 min
1108 749 1270 809 ὀλίγους
1298 749 1432 795 αὐτῶν

60 820 166 865 οὕτω
187 837 259 866 σου
275 821 532 878 δυςέρωτας’
518 820 657 874 ὄντας,
689 840 783 872 ωςτε
811 823 879 864 καὶ
899 840 937 871 ες
956 819 1190 877 βαθυκητεα
1208 824 1255 872 ¹¹)
1284 820 1431 864 πόντον
1443 820 1595 911 {fleg}

571 888 580 904 ἱ

59 892 248 945 φέροντες
266 891 437 946 ερῤιψαν
457 887 607 940 αὗτους
626 891 670 944 ⁰)
683 892 773 941 ,καὶ
789 908 944 947 πετρων
961 909 1033 934 κατ
1037 886 1291 971 Wstssdvmv,
1310 887 1433 943 ὑπερ-

55 1045 129 1084 ρας
158 1024 317 1077 αυτούς.

53 1099 125 1140 εἷ’τι
153 1099 292 1151 ξυνίης
321 1101 491 1151 σαυτοῦ,
530 1102 803 1155 κορυβαντιᾷν
831 1091 1003 1150 αὖτούς,
1046 1094 1231 1152 ἐρωμένῳ
1260 1090 1431 1149 τοιούτῳ

53 1163 353 1220 ἐπιμεμηνότας.

166 1236 379 1275 ΠΛΟΤΤ.
416 1234 503 1277 Οἰέι
519 1233 594 1290 γὰρ
612 1237 813 1284 τοιοῦτον,
846 1231 931 1282 οἷός
956 1235 1054 1286 εἶμι,
1082 1228 1262 1288 ὁρᾶσθαι
1277 1227 1430 1281 αὐτοῖς,
1455 1242 1513 1283 27

54 1301 182 1356 χωλὸν
195 1299 226 1354 ἢ
239 1300 416 1354 τυφλὸν,
446 1301 476 1356 ἦ
498 1300 572 1345 ὅσα
592 1303 691 1345 ἄλλα
710 1319 779 1355 μοι
799 1298 1033 1357 πρόςεστιν,·

167 1374 305 1412 ΕΡΜ.
331 1365 447 1412 Ἀλλὰ
476 1375 584 1423 πῶς,
614 1364 650 1414 ὦ
680 1374 862 1421 Πλοῦτε,
897 1371 933 1412 εἰ
957 1367 1011 1423 μὴ
1045 1369 1190 1423 τυφλοὶ
1214 1367 1284 1410 καὶ
1312 1363 1429 1409 αὐτοὶ

51 1435 197 1486 πάντες
211 1438 307 1488 elul,-

95 1552 133 1598 1)
155 1551 273 1593 πως]
298 1550 359 1583 Sic
378 1557 479 1584 recte
500 1551 614 1583 Schm.
638 1549 742 1583 Olim
767 1550 856 1589 πῶς.

905 1550 997 1584 Cod.
1021 1559 1120 1596 2957.
1141 1563 1228 1585 που.
1296 1550 1358 1589 m)
1386 1545 1428 1581 ἕ-

140 1597 260 1642 χεις]
287 1596 349 1629 Sic
378 1597 486 1632 codd.
510 1608 609 1642 2957.
638 1598 738 1651 Aug.
762 1597 870 1630 Gorl.
893 1596 986 1631 Edd
1007 1598 1048 1629 V.
1072 1609 1102 1630 2.
1129 1598 1172 1630 B.
1194 1609 1225 1630 2.
1248 1600 1284 1627 et
1311 1595 1425 1626 Sclzm.

141 1646 188 1677 In
219 1644 372 1684 ceteris,
409 1643 522 1676 etiam
551 1646 686 1675 Hermi.
720 1640 823 1685 ἔχοις.

896 1646 943 1683 n)
979 1641 1026 1682 ἐς
1049 1639 1352 1689 βαθυκήτεα]
1378 1651 1429 1678 εις

142 1689 242 1734 vulg.
263 1686 299 1729 ἐς
317 1689 488 1722 schmibd
511 1694 549 1722 et
566 1690 660 1734 Aug·
681 1686 872 1734 βαθυκύτε
875 1690 961 1723 αΒ..
984 1691 1016 1723 J.
1040 1692 1080 1723 A.
1103 1701 1135 1723 2.

52 1798 180 1838 facile
202 1797 388 1851 aufugis,
403 1796 476 1852 qui
495 1797 608 1835 viam
620 1811 709 1837 non

51 1853 204 1894 noris?

109 1912 226 1949 Plut.
259 1908 327 1947 Ad
348 1911 479 1947 solam
511 1909 711 1963 fugiendi

53 1966 317 2007 occasionem
335 1964 448 2003 oculi
460 1964 568 2002 mihi
582 1979 629 2003 ac
640 1979 712 2018 pe·

54 2023 125 2063 des
168 2021 331 2075 vigent.

108 2081 213 2117 Mer.
262 2078 358 2116 Hoc
394 2075 503 2114 mihi
537 2088 710 2128 quoque

50 2132 272 2189 responde,
306 2131 381 2185 qui
413 2130 582 2171 tandem
610 2131 707 2181 fiat,

50 2202 116 2240 ut,
149 2204 244 2228 cnm
268 2202 414 2228 caecus
445 2188 515 2237 sis,
537 2188 710 2240 insuper

53 2248 178 2287 etiam
197 2250 365 2298 (neque
396 2244 509 2283 enim
528 2257 625 2282 vera
658 2244 709 2281 li-

53 2303 127 2342 bet
156 2300 359 2351 reticere)
406 2299 615 2353 pallidus,
667 2309 710 2339 et

54 2357 247 2398 cruribus
279 2356 471 2409 gravior,
503 2365 570 2395 tot
602 2371 711 2394 ama-

53 2424 166 2454 tores
190 2411 358 2461 habeas,
390 2421 440 2449 ut
459 2425 601 2451 omnes
625 2426 710 2450 om-

53 2471 161 2509 nino
192 2468 385 2507 homines
425 2482 556 2506 unum
587 2477 630 2507 te
671 2482 711 2506 a.

53 2526 262 2579 spiciant;
293 2523 413 2578 sique
433 2523 566 2576 potiri
585 2533 626 2563 te
655 2524 712 2562 li-

56 2582 205 2630 cuerit,
226 2579 368 2619 beatos
390 2595 432 2619 se
452 2579 710 2631 existiment,

57 2637 126 2675 sin
157 2636 318 2685 minus,
341 2635 469 2673 vitam
490 2635 572 2673 sibi
599 2636 713 2690 abju-

59 2692 213 2730 dicent.
252 2692 370 2730 Novi
399 2691 512 2730 enim
532 2695 715 2744 permul-

59 2758 140 2796 t05‚
175 2747 248 2800 qui
271 2757 313 2786 te
335 2747 392 2785 ita
428 2748 577 2786 misere
607 2762 714 2786 ama-

59 2813 171 2852 runt,
192 2804 245 2841 Ut
268 2817 307 2841 se
320 2808 714 2856 p1·aecipc'ce:;pc'-sco

766 1812 815 1836 sa
830 1812 908 1849 per
923 1813 1109 1851 aequora
1142 1799 1260 1836 salta
1291 1795 1429 1833 Subli-

768 1856 825 1891 mi
852 1869 872 1891 e
901 1856 1067 1905 scopulo
1095 1855 1303 1900 dederint,
1334 1852 1428 1891 exi-

769 1910 986 1948 stimantes
1033 1925 1056 1948 a
1095 1921 1139 1950 te
1180 1908 1426 1956 contemni,

771 1964 888 2018 quod
922 1965 1037 2017 ipsos
1069 1980 1124 2005 ne
1164 1964 1302 2017 primo
1333 1963 1430 2016 qui-

770 2020 864 2059 dem
887 2034 1114 2076 congressu
1135 2023 1318 2072 (omnino
1330 2018 1428 2073 non)

768 2077 955 2128 aspicere
976 2076 1194 2116 voluisses.
1230 2076 1429 2114 Ceterum

767 2141 862 2170 tute
889 2133 980 2184 ipse
1010 2131 1302 2181 confiteberis,
1336 2130 1429 2184 opi-

766 2202 870 2236 nor,
895 2188 1077 2228 simodo
1102 2199 1144 2228 te
1163 2187 1293 2237 nosti,
1316 2188 1432 2225 insa-

767 2243 860 2282 nire
881 2245 1011 2294 istos,
1045 2245 1119 2299 qui
1137 2247 1262 2284 talem
1283 2243 1430 2282 amasi-

768 2314 853 2348 um,
877 2310 961 2339 tam
982 2300 1237 2350 vehementi,
1259 2310 1431 2351 tamque

768 2356 937 2410 perdito
951 2371 1089 2396 amore
1100 2365 1427 2410 prosequantur.

825 2442 944 2480 Plut.
1000 2441 1157 2481 Censes
1204 2440 1428 2491 nimirum,

771 2511 866 2535 eum
910 2512 975 2536 me
1007 2497 1109 2548 ipsis
1157 2496 1310 2546 videri,
1355 2497 1432 2550 qui

770 2566 877 2601 sum,
911 2552 1105 2591 claudum
1131 2552 1309 2602 scilicet,
1343 2567 1431 2592 cae-

771 2623 890 2657 cum,
935 2619 978 2648 et
1023 2623 1129 2661 quae
1170 2608 1252 2648 alia
1281 2608 1328 2648 in
1363 2624 1430 2649 me

772 2673 872 2703 sunt
900 2664 1041 2704 vitia?

830 2751 937 2789 slyer.
979 2749 1090 2802 Qui,
1123 2764 1277 2803 quaeso
1292 2781 1303 2798 ,
1344 2750 1429 2788 nisi

774 2815 814 2845 et
837 2805 920 2858 ipsi
944 2820 1078 2845 omnes
1102 2808 1216 2846 caeci
1242 2817 1340 2846 sunt
1357 2806 1376 2844 ἶ)

1466 922 1504 944 SE

58 966 233 1019 ορασθαι
257 959 485 1013 νομίζοντες
513 956 593 1002 υπό
621 965 716 1012 σοῦ,
754 959 887 1015 ὅτιπερ
908 962 955 1011 Ρ)
985 955 1078 1002 οὐδὲ
1103 956 1176 1011 τὴν
1200 955 1331 1013 αρχήν
1360 955 1427 1000 ἕώ-
1441 974 1478 1009 p.
1493 925 1570 1010 130.

372 1025 478 1080 πλὴν
504 1023 600 1070 ἄλλα
626 1029 692 1071 καὶ
712 1026 762 1071 σύ
789 1045 841 1071 αν
862 1024 909 1071 εὖ
935 1024 1066 1071 οἷὸα”
1043 1042 1105 1070 οτι
1132 1023 1428 1082 ὁμολογήσειας,
