1778 3194
398 262 1512 298 EPISTOLA.‘CLVII

49 360 158 413 das,
181 362 221 404 si
240 361 439 412 videtur,
470 359 586 402 Add
607 374 630 402 e
644 375 674 401 n
688 359 770 401 dis
785 393 794 411 ‚
828 374 938 416 quae
960 360 1106 415 parari
1124 359 1279 413 video,
1310 361 1508 417 reliquis,

50 428 195 471 Habes
221 439 366 471 autem
389 443 440 470 ea
466 437 658 478 tantum,
688 429 737 469 in
760 442 871 483 quae
901 443 926 469 a
953 429 1099 469 media
1119 430 1213 470 fere
1234 440 1358 486 parte
1380 431 1512 473 Tomi

47 495 135 538 Imi
154 498 312 539 incidi:
345 499 383 538 si
413 512 496 552 qua
523 495 577 536 ad
602 496 748 551 priora
775 495 829 536 de
861 497 1230 551 interpretatione
1250 500 1511 551 praesertim

48 566 268 609 monenda
300 567 606 616 occurrebant,
640 578 690 604 ea
719 565 774 604 ad
804 564 983 607 Tiber.
1016 563 1143 605 Hem
1157 567 1513 609 sterhusium

48 633 196 675 virum
216 635 314 675 clar.
344 647 423 689 pro
446 633 589 674 veteri
608 633 800 673 amicitia
815 635 1046 684 J'ubentem
1062 633 1313 689 perscripsi.

552 755 662 810 *ἐκέκ
719 756 832 811 ³5⁶*ss
888 757 998 813 *³2⁵*

166 893 398 950 Superest,
440 900 509 944 ut,
541 876 588 934 id
622 893 738 949 quod
767 893 1024 936 conceditur
1048 898 1182 950 vulgo
1218 894 1517 951 scriptoribus,

0 1010 1 1017 ἵ
55 959 109 1001 de
128 974 227 1001 meo
248 963 430 1002 consilio
472 970 516 1002 et
538 963 761 1002 laboribus
790 963 902 1003 meis
925 964 1140 1020 quaedam
1161 963 1276 1020 apud
1301 973 1347 1006 te
1362 963 1522 1020 dispu-

54 1037 169 1079 tem,
211 1042 321 1083 quae
345 1043 506 1084 nempe
534 1030 590 1071 ad
619 1031 738 1086 ipsos
770 1046 944 1087 quoque
969 1041 1171 1087 posteros
1202 1032 1357 1075 eadem
1387 1045 1521 1088 opera

57 1098 227 1153 cupiam
245 1098 446 1152 perferri.

168 1233 322 1275 Fuisse
344 1235 457 1276 mihi
474 1243 674 1276 veterem
696 1249 793 1276 cum
804 1235 989 1276 Luciano
1003 1236 1363 1289 familiaritatem,
1378 1246 1524 1278 osten-

0 1291 4 1318 ἶ
62 1300 172 1342 dunt
196 1316 268 1352 ea,
300 1316 410 1357 quae
437 1305 527 1354 jam
549 1311 702 1357 quarto
736 1302 905 1344 decimo
934 1305 1067 1356 hujus
1097 1307 1234 1346 seculi
1270 1320 1408 1355 anno,
1449 1306 1526 1361 qui

0 1359 2 1364 ⁷
61 1370 218 1411 aetatis
238 1383 364 1409 meae
383 1371 539 1410 tertius
563 1379 606 1411 et
628 1371 863 1411 vicesimus
890 1380 1003 1421 erat,
1033 1374 1081 1412 in
1103 1373 1380 1428 I'hilopatrin
1402 1383 1444 1415 et
1471 1374 1525 1416 de

60 1436 363 1493 Philopatride
384 1451 406 1476 a
427 1451 499 1478 me
524 1438 708 1492 scripta,
742 1445 785 1478 et
803 1439 850 1478 in
870 1438 1131 1481 Jenensium
1153 1440 1527 1496 Philosophorum

64 1504 270 1546 cathedra
302 1502 522 1559 disputata
559 1513 677 1544 sunt.
738 1505 835 1546 Jam
863 1519 916 1545 eo
946 1514 1146 1561 tempore
1180 1511 1359 1549 consilia
1384 1512 1530 1561 agita-

63 1575 164 1614 bam
203 1570 442 1612 revocandi
475 1572 522 1611 in
554 1573 777 1626 publicam
813 1575 957 1614 lucem
996 1574 1231 1630 Sophistae
1271 1575 1530 1628 doctissimi,

64 1640 387 1690 amoenissimi,
421 1646 464 1679 et
492 1638 546 1678 nd
569 1640 738 1680 variam
767 1639 1085 1694 eruditionem,
1118 1657 1246 1699 quam
1275 1643 1475 1684 adamavi
1508 1660 1533 1686 a

7 1718 8 1721 ’
63 1723 226 1767 puero,
259 1706 732 1749 adcommodatissimi:
778 1720 890 1764 quae
913 1724 1062 1751 caussa
1086 1712 1187 1761 suit,
1219 1720 1269 1751 ut
1292 1726 1534 1767 numquam

8 1794 9 1837 j
65 1780 197 1835 plane
217 1777 346 1816 illum
366 1774 633 1828 deponerem
653 1775 706 1815 de
729 1777 954 1828 manibus,
997 1779 1079 1818 etsi
1098 1780 1166 1819 illi
1190 1778 1396 1821 editionis
1422 1794 1535 1820 con-

8 1839 10 1894 f
69 1845 170 1887 silio
194 1844 330 1884 multa
358 1843 543 1884 subinde
570 1843 888 1898 impedimenta
912 1847 1231 1899 objicerentur,
1263 1862 1348 1902 quo
1371 1849 1537 1888 sactum

9 1901 10 1911 η
73 1920 164 1963 est,
206 1917 257 1949 ut
282 1924 372 1950 non
402 1924 605 1951 nonum
635 1910 766 1951 modo
795 1913 852 1951 in
883 1927 948 1952 an
965 1929 1089 1955 num
1122 1930 1188 1955 ex
1218 1914 1386 1954 Horatii
1411 1929 1537 1969 prae-

74 1986 201 2035 cepto
215 2009 225 2029 ,
255 1985 562 2032 premerentur
585 1979 770 2028 cogitata
797 1987 943 2019 nostra
959 2013 968 2031 ,
1001 1982 1076 2021 sed
1097 1985 1191 2022 sere
1214 1982 1267 2022 ad
1298 1990 1316 2021 t
1330 1983 1375 2021 ri
1391 1983 1538 2022 cesi-

73 2060 219 2088 mum
256 2057 394 2099 penes
426 2058 504 2084 nos
539 2043 873 2096 delitescerent,
906 2047 992 2086 nisi
1014 2047 1129 2103 quod
1156 2049 1388 2105 capitalem
1412 2051 1538 2090 illam

73 2113 265 2156 encomii
288 2112 555 2151 Demosthenis
576 2113 923 2164 restitutionem,
956 2129 1044 2154 non
1069 2123 1242 2156 tantum
1265 2130 1380 2157 anno
1401 2116 1539 2157 seculi

73 2194 231 2223 xximo
256 2194 353 2220 cum
375 2181 620 2221 venerabili
637 2182 725 2230 jam
749 2182 913 2233 collega
947 2196 1046 2222 meo
1090 2181 1134 2223 C.
1167 2182 1224 2223 A.
1257 2182 1373 2224 Heu
1388 2197 1539 2224 man-

78 2264 170 2300 no,
214 2256 258 2289 et
300 2262 398 2288 cum
437 2247 742 2288 laudatissimo
786 2249 881 2289 viro
928 2249 1039 2291 Tib.
1078 2249 1539 2303 Hemsterhusio,

79 2316 422 2366 communicavi3
453 2314 531 2354 sed
550 2315 682 2356 etiam
703 2331 856 2357 mense
876 2316 997 2358 Julio
1015 2320 1118 2359 anni
1141 2319 1319 2359 xxx1mi
1341 2320 1389 2359 in
1406 2318 1540 2360 Chre-

80 2384 317 2424 stomathia
346 2380 508 2423 Graeca
537 2385 757 2438 publicavi
778 2383 982 2441 Lipsiae,
1025 2385 1143 2426 unde
1171 2386 1219 2425 in
1240 2385 1354 2427 Acta
1374 2386 1544 2428 Erudi-

81 2459 229 2493 torum
250 2451 378 2493 istius
398 2452 503 2491 anni
523 2453 659 2493 relata
682 2460 763 2493 est.

194 2587 318 2630 Inter
346 2588 454 2628 haec
489 2585 621 2628 modo
664 2602 761 2629 cum
812 2585 890 2630 Th
903 2604 942 2631 o.
983 2589 1017 2630 F
1030 2603 1050 2629 r
1064 2587 1079 2628 i
1092 2596 1109 2629 t
1121 2602 1140 2629 s
1153 2604 1173 2629 c
1184 2588 1280 2630 hio
1294 2622 1305 2641 ,
1344 2587 1549 2646 principe

87 2651 190 2694 dum
209 2656 384 2696 viveret
400 2655 606 2696 librariae
629 2657 964 2708 negotiationis,
997 2658 1180 2698 consilia
1200 2658 1360 2709 agitata
1374 2691 1384 2709 ,
1414 2658 1548 2699 modo

91 2723 406 2765 communicata
425 2737 523 2764 cum
538 2724 588 2766 cl.
619 2721 661 2765 H
675 2737 697 2764 e
708 2739 753 2767 m
765 2739 785 2767 s
797 2733 814 2766 t
828 2737 851 2766 e
866 2726 927 2767 rh
941 2740 967 2766 u
980 2726 1090 2778 sio,
1124 2737 1234 2780 quae
1255 2725 1415 2770 effectu
1428 2739 1548 2768 caus-
