1778 3194
507 271 594 305 IN
676 271 1116 304 TIMONEM.
1456 267 1554 312 417

66 372 246 424 usitata,
276 371 438 423 Manes,
470 371 628 412 Midas,
679 369 748 409 Ad
770 368 922 409 horum
945 373 1194 411 alterutrum
1218 374 1357 415 Tibius
1380 389 1552 430 quoque

64 430 221 470 reterri
257 427 400 481 debet,
443 429 649 467 nonnihil
680 426 791 466 enim
818 425 932 465 hac
919 442 962 465 m
992 439 1110 479 parte
1141 431 1378 472 discedunt.
1440 434 1551 473 Aliis

63 485 325 526 tantundem
349 495 432 536 est,
467 500 515 524 ac
537 485 635 538 Phry
635 498 696 525 ἐγ
740 498 835 522 nam
859 493 947 522 tota
974 484 1183 538 Phrygia,
1218 489 1252 526 si
1277 489 1427 530 suidae
1449 490 1551 529 fides

61 553 250 590 constat,
285 543 398 580 dicta
426 540 642 595 quondam
669 541 810 581 Tibia.
842 541 1029 579 sumsita
1056 543 1376 593 proverbiorum
1404 558 1550 586 aucto-

62 613 107 638 re
136 599 177 636 in
204 601 314 653 Αρρ,
344 599 477 639 Vatic.
504 598 555 639 C.
583 599 642 639 II.
666 613 708 638 n.
748 601 816 640 71.
852 599 972 635 locus
1010 601 1247 649 paullulum
1289 602 1545 653 intricatior,

61 670 185 711 quem
211 657 272 694 sic
286 659 420 724 lego
454 652 610 707 Μανῆς
629 653 732 704 (hoc
753 663 868 693 1ecte
891 653 1055 694 viderat
1077 654 1277 705 Canterus)
1312 661 1375 699 καὶ
1403 663 1543 712 Ἥβης

57 717 184 754 ταῦτα
223 709 405 766 ὀνόματά
439 714 518 754 ἐστι
543 707 775 766 Φουγιακα·
817 708 880 752 διὸ
903 713 971 752 καὶ
993 713 1275 763 ἐπιφωνεῑται,
1310 713 1365 762 εἷς
1388 717 1542 768 Μάιης

57 769 101 811 ἐν
127 770 311 837 Φρυγία·
344 768 485 822 (quasi
510 771 674 807 nullum
698 769 785 807 fere
804 767 993 806 hominis
1019 767 1136 806 aliud
1161 767 1222 806 ibi
1245 783 1396 810 nomen
1422 787 1491 823 rep¹
1499 788 1539 811 e-

55 825 214 876 riatur)
244 823 315 866 τὸν
344 826 387 867 δὲ
412 822 571 879 Τίβηνὸ
594 827 840 877 Μένανδρος
863 839 936 865 συ
943 825 1121 876 εχως(ειη
1147 823 1363 878 συνηθωςς
1409 843 1539 881 quan.

55 895 184 934 quam
207 896 296 919 non
324 882 443 920 valde
470 882 764 920 necessarium.
802 881 874 919 Th.
900 880 1106 920 Reinesius
1128 882 1160 917 V
1169 884 1241 924 ..L
1267 883 1348 923 III.
1376 899 1409 922 c.
1426 892 1464 927 6.
1489 900 1533 937 p.

53 942 159 981 467.
198 936 355 976 Glaseri
386 938 673 1007 plaeceptoris
706 937 772 977 sui
798 937 1194 989 interpretationem
1226 940 1376 979 merito
1407 956 1536 993 repu—

53 993 224 1045 diavit)
264 997 404 1046 Τίβιον
429 991 615 1046 ὀνομάζει
636 997 710 1050 (eg
716 1010 738 1033 0
760 994 804 1032 in
829 994 1048 1033 DIenanch-c'
1069 996 1266 1060 reliquiis
1287 999 1431 1034 saltem
1457 1012 1536 1036 ex-

56 1059 173 1088 stare
193 1050 450 1088 vocabulum
477 1051 587 1090 illud
607 1066 694 1091 non
721 1049 950 1102 recordor)
982 1052 1048 1092 καὶ
1069 1047 1139 1104 όλη
1164 1070 1189 1103 η
1226 1055 1381 1107 Φρυγία
1419 1057 1535 1106 Tisiam

47 1111 245 1148 naisitan-
278 1120 417 1161 neque
440 1116 580 1145 tamen
604 1107 648 1146 in
670 1107 738 1145 his
762 1105 873 1144 nihil
897 1106 1037 1145 adhuc
1056 1121 1295 1161 superesse,
1329 1110 1442 1163 quod
1466 1125 1532 1151 me

47 1172 254 1213 moretur,
286 1162 440 1201 lubens
461 1164 613 1202 fateor.
678 1164 835 1203 Tibium
859 1178 911 1202 ex
937 1164 1135 1217 Stephano
1158 1165 1281 1202 multi
1306 1176 1525 1215 notarunt,

44 1218 264 1272 Phrygiae
286 1228 489 1263 montem,
511 1233 533 1257 a
559 1221 676 1260 Tibio
695 1219 892 1289 quodam,
917 1230 963 1258 ut
983 1221 1056 1267 ait,
1091 1220 1376 1274 adpellatione
1400 1222 1530 1261 dedu-

46 1284 140 1314 cta·
182 1277 224 1316 ἐκ
257 1292 406 1316 τουτου
437 1277 505 1317 καὶ
541 1281 706 1331 Τιβίους
736 1293 829 1324 τους
859 1275 1032 1326 δούλους
1059 1282 1237 1319 nal-oven.
1301 1280 1355 1316 At
1380 1279 1526 1318 Strabo

46 1329 218 1369 disertis
240 1331 379 1370 verbis
403 1333 649 1386 significat,
695 1334 738 1371 in
777 1332 1068 1384 Paphlagonia
1100 1334 1367 1372 tritissimum
1403 1336 1526 1373 Tibii

46 1388 182 1426 fuisse
205 1389 375 1437 no'men,
412 1399 538 1442 atque
560 1389 658 1428 ideo
684 1389 1020 1429 servisindidem
1043 1389 1278 1441 adportatis
1300 1391 1523 1432 nibutum.

40 1443 159 1482 Haec
185 1442 417 1483 Casaubono
438 1445 548 1484 ratio
575 1446 789 1495 constitit,
824 1461 898 1484 cur
918 1445 1021 1486 XlI
1043 1462 1087 1500 p.
1112 1451 1207 1491 880.
1232 1447 1279 1489 Β
1302 1446 1525 1486 ubinomi-

40 1513 96 1538 na
117 1499 262 1538 Strabo
285 1515 370 1537 non
396 1515 530 1552 pauca
556 1512 753 1541 recenset
768 1502 1098 1556 Paphlagonica,
1134 1517 1312 1555 quorum
1336 1518 1437 1541 usus
1451 1514 1521 1541 1t1-

41 1554 136 1595 dem
161 1555 361 1608 frequens
393 1557 525 1596 fuerit
552 1572 628 1609 per
654 1556 968 1610 Cappadociam
1003 1558 1291 1612 finitimasque
1313 1560 1519 1610 1egi0nes,

37 1626 117 1666 pro
143 1613 313 1666 Τίβηοος
333 1612 485 1663 reponi
510 1614 696 1652 voluexit
727 1616 881 1667 Τίβιος·
914 1628 1053 1666 neque
1083 1618 1264 1652 multum
1302 1616 1516 1667 refragor,

36 1668 124 1707 nisi
149 1682 309 1720 parum
330 1669 534 1708 interesse
567 1681 712 1721 puteS,
746 1680 887 1708 utrum
908 1672 1096 1722 legatur,
1142 1671 1242 1723 quia
1266 1670 1401 1708 videri
1421 1685 1517 1723 pos-

36 1734 142 1764 sunt
169 1724 314 1763 eadem
338 1725 505 1779 origine
526 1726 720 1779 profecta
757 1729 898 1779 Τίβος.
941 1729 1085 1779 Τίβης,
1138 1730 1293 1780 Τίβιος,
1334 1731 1516 1782 Τίβηρος.

35 1780 274 1820 {Minimum
296 1791 437 1820 tamen
453 1782 581 1833 abest,
606 1784 710 1834 quin
733 1782 808 1822 lib.
823 1783 898 1821 IV.
890 1797 950 1834 ..p
967 1783 1062 1825 298
1076 1785 1125 1821 A.
1141 1784 1304 1825 ἐνθένδε
1325 1786 1367 1825 οῖ
1378 1783 1518 1825 Ὀσίσ-

36 1840 126 1891 μιοί
145 1839 260 1886 εἰσιν,
297 1853 367 1884 ους
396 1841 560 1888 Τιμίους
582 1835 765 1890 ὀνομάζει
785 1840 954 1887 Πυθέας
995 1839 1294 1893 corrigendum
1326 1854 1516 1879 censeam

43 1896 228 1946 Τιβίους·
261 1901 489 1945 postquam
518 1905 917 1933 commemoraverat
937 1896 1159 1948 Belgarum
1186 1901 1512 1949 παρωκεανιτῶν,

37 1951 114 2003 qui
138 1949 354 1987 Oceanum
375 1948 618 2002 adtingunt,
649 1960 811 2019 partem
832 1950 1035 2000 Venetos,
1060 1960 1218 2000 monet,
1253 1966 1324 1990 eos
1347 1953 1428 1990 sibi
1451 1953 1517 1991 vi-

0 2027 1 2038 κ
34 2006 128 2044 deri
151 2003 328 2053 οἰκιστας
347 2011 449 2045 εἶναι
470 2010 549 2046 τῶν
569 2023 667 2046 κατα
685 2005 755 2047 τὸν
776 2001 973 2059 A691',ocv
1006 2020 1186 2058 quorum
1221 2008 1293 2045 alii
1319 2007 1515 2076 aborigi-

35 2075 112 2100 nes
134 2075 223 2101 esse
244 2060 539 2130 Paphlagonas
564 2063 818 2115 opinentur:
853 2061 918 2103 δια
942 2064 983 2103 δὲ
1004 2060 1076 2113 τὴν
1092 2060 1324 2115 ὁμωνυμίαν
1343 2062 1514 2116 11quoe-

0 2150 1 2155 ,
33 2135 161 2174 yovocg
184 2119 310 2169 φασὶν
332 2113 502 2166 αὐτούς·
538 2118 638 2157 inde
664 2128 905 2172 sequuntur
939 2119 981 2156 in
1009 2119 1282 2170 produetime
1306 2136 1516 2173 promon-

0 2164 2 2188 ἲ
35 2175 152 2213 torio
173 2173 373 2223 Osismii,
408 2189 512 2228 quos
542 2176 575 2211 si
600 2175 767 2214 Timios
791 2174 1024 2227 adpellavit
1045 2174 1250 2226 Pytheas,
1286 2176 1327 2214 id
1355 2180 1514 2216 nullam

4 2243 5 2267 ὲ
33 2243 125 2269 non
152 2240 316 2269 tantum
341 2232 638 2270 auctoritatem
658 2231 799 2282 habet,
821 2231 892 2270 sed
917 2246 994 2270 nec
1016 2232 1251 2270 rationem.
1284 2234 1320 2270 si
1343 2233 1510 2284 Tibios,

34 2286 177 2325 fateor
199 2285 396 2339 equidem
420 2287 630 2327 neminem
666 2302 686 2325 a
706 2302 770 2326 me
791 2302 914 2341 posse
938 2287 1118 2340 proferri
1143 2289 1298 2336 alium,
1333 2291 1404 2343 qui
1431 2304 1514 2328 no·-

34 2356 132 2381 men
154 2342 236 2380 hoc
260 2343 500 2394 usurparit:
533 2359 677 2383 verum
692 2354 773 2381 tam
798 2346 1040 2398 propinqua
1059 2343 1382 2397 Paphlagonum
1398 2360 1512 2385 men·

35 2398 100 2436 tio
133 2400 418 2451 conjecturam
451 2401 638 2453 suggerit
682 2399 793 2438 haud
833 2400 1075 2449 absurdam,
1120 2401 1322 2451 Pytheam
1359 2402 1512 2441 existi..

33 2469 191 2503 masse,
225 2454 439 2493 derivatos
465 2456 588 2494 simul
609 2466 651 2495 et
677 2456 814 2494 dictos
838 2467 883 2494 ut
908 2459 1093 2496 Venetos
1116 2472 1137 2494 a
1159 2456 1508 2512 Paphlagonibus

33 2486 230 2558 Venetis,
257 2510 318 2548 sic
339 2510 550 2551 Osismios
570 2526 644 2551 seu
666 2512 817 2552 Tibios
840 2528 861 2551 a
885 2512 1035 2554 Tibiis,
1089 2515 1184 2551 Hoc
1205 2516 1505 2569 utcunquesit,

33 2580 130 2604 nam
165 2568 343 2605 aliorum
375 2566 625 2606 industriam
658 2583 891 2634 provocare
924 2571 1066 2622 potius
1098 2571 1244 2621 volui,
1289 2586 1373 2609 non
1403 2570 1508 2610 certi

36 2623 269 2676 quicquam
286 2624 562 2672 constituere,
586 2639 794 2678 peraeque
807 2626 960 2663 vitiata
982 2626 1066 2663 fuit
1089 2625 1190 2664 haec
1206 2641 1290 2665 vox
1313 2628 1354 2665 in
1383 2628 1509 2667 Theo-

31 2679 189 2731 phrasn·
210 2681 337 2719 Char.
359 2678 461 2717 Eth.
486 2695 518 2721 c
541 2681 617 2719 IX.
643 2695 684 2734 p.
707 2687 774 2725 44.
795 2677 951 2736 εὐωχοῦ
975 2686 1107 2733 Time,
1141 2682 1281 2732 judice
1305 2683 1506 2723 S'alnaeasio

34 2735 81 2774 P.
104 2736 155 2774 E.
178 2750 272 2789 pag
297 2742 362 2780 34
389 2737 460 2774 cui
476 2747 638 2788 praeter
660 2739 893 2791 Menagium
915 2739 1088 2777 accessit
1098 2715 1368 2779 'Needhamusz
1404 2751 1508 2778 tam-

35 2792 116 2832 etsi
137 2791 219 2830 hoo
249 2793 421 2845 quidem
455 2793 501 2831 in
533 2796 632 2834 loco
657 2795 947 2848 patrocinium
989 2793 1220 2835 casaubono
1262 2797 1425 2851 parari,
1464 2805 1509 2836 et

78 2860 231 2893 LuczQan
260 2859 341 2892 Vol.
362 2862 391 2894 I
1144 2850 1233 2890 Dd
