1778 3194
528 275 614 305 IN
686 272 1125 306 TIMONEM.
1465 265 1561 321 Sol

460 548 485 600 I
519 550 565 600 N
648 549 694 598 T
727 547 753 598 I
787 548 842 598 M
877 546 922 596 Ο
959 547 1006 597 Ν
1040 547 1082 596 Ε
1115 546 1183 599 Μ.

193 665 291 721 Pa.g
323 670 391 711 66.
414 668 443 707 l.
466 672 502 710 1.
541 668 766 716 ΤΙΜΩΝ)
805 665 927 705 Aetas
959 663 1088 719 hujus
1126 662 1242 704 unde
1277 672 1393 706 certo
1424 663 1559 724 adsig-

79 732 227 773 netur,
265 722 374 762 nihil
394 732 468 763 est.
532 722 611 762 Sed
634 723 744 762 inter
763 723 938 761 Luciam:
972 721 1134 776 optima
1157 721 1307 760 me1it0
1328 735 1561 766 censeatur.

81 779 356 820 Comoediam
389 779 515 820 habes
558 778 940 833 elegantissimam,
982 779 1026 816 in
1058 792 1140 832 qua
1171 777 1438 820 adulatorum
1471 794 1561 820 non

79 837 208 875 unius
228 836 392 891 generis
414 850 548 875 mores
571 844 763 889 artesque
782 834 985 889 glaphice
1007 833 1233 874 admodum
1256 833 1431 887 depicti,
1466 851 1561 876 cum

79 894 177 932 aliis
201 893 344 930 multis
364 891 416 931 ad
446 891 618 930 divitias
641 891 957 956 spectantibus,
992 891 1099 929 miro
1129 889 1315 930 artificio
1343 891 1562 935 exhiben-

76 958 158 989 tur.
222 949 316 987 Hoc
338 951 587 1001 opusculum
612 949 686 1001 qui
719 963 811 986 cum
843 948 1130 1001 Aristophanis
1159 947 1276 987 Pluto
1310 949 1558 999 contulerit,

75 1008 279 1059 palmam,
321 1005 356 1043 si
387 1020 550 1045 mecum
589 1005 767 1054 sentiat,
811 1004 912 1043 huic
944 1005 1090 1045 Nostro
1122 1005 1267 1043 multis
1297 1003 1347 1042 de
1377 1004 1559 1057 caussis,

77 1075 180 1114 quas
203 1061 275 1098 hic
299 1060 491 1101 enarrare
513 1062 636 1100 nimis
663 1064 838 1115 longum
871 1061 1007 1111 foret,
1043 1061 1211 1109 deberi,
1244 1061 1373 1099 facile
1404 1075 1561 1101 conce-

74 1117 159 1159 det.
194 1118 363 1159 SonAn.
425 1118 754 1158 ΝιϋὶΙίεείηιιιηι
778 1132 857 1172 ego
890 1117 974 1156 hoc
1001 1118 1179 1156 Luciani
1207 1118 1410 1169 scriptum
1439 1120 1562 1172 juxta

76 1189 169 1214 cum
208 1173 387 1214 eruditis
432 1174 681 1214 hominibus
722 1174 908 1213 admiror
943 1184 985 1213 et
1024 1173 1247 1228 permagni
1273 1174 1412 1213 facio:
1457 1173 1563 1229 quid

74 1222 187 1271 enim
210 1246 260 1270 eo
281 1231 431 1282 purius
452 1241 537 1281 est,
571 1240 611 1270 et
631 1229 682 1269 ad
704 1241 887 1270 veterem
922 1230 1195 1283 eloquentiae
1228 1230 1451 1268 formulam
1476 1245 1561 1269 ma-

73 1289 138 1343 gis
161 1287 442 1338 compositum
461 1287 481 1325 ?
517 1287 618 1340 quid
644 1286 792 1325 itidem
813 1287 1004 1340 argutius
1024 1285 1166 1337 habes,
1194 1296 1235 1326 et
1257 1286 1558 1340 ingeniosius?

73 1359 170 1383 nam
198 1352 307 1382 certe
332 1345 503 1382 lectoris
526 1343 673 1382 harum
708 1343 1016 1396 elegantiarum
1045 1356 1133 1381 non
1166 1343 1353 1395 expertis
1377 1352 1559 1383 mentem

71 1400 365 1452 inexspectata
395 1403 619 1453 voluptate
641 1398 880 1451 perfundit.
942 1399 993 1437 In
1018 1398 1127 1437 hanc
1160 1399 1307 1451 itaque
1328 1413 1469 1438 curam
1492 1399 1558 1437 in·

70 1456 314 1495 cubuerunt
333 1455 570 1495 doctissimi
600 1456 708 1505 viri,
742 1466 790 1494 ut
820 1455 1144 1495 mellitissimum
1168 1455 1252 1494 hoc
1279 1455 1444 1508 ingenii
1465 1456 1556 1494 Lu-

70 1512 210 1551 cianei
250 1522 570 1550 monumentum
617 1513 862 1563 expolirent
911 1521 1040 1563 atque
1080 1512 1363 1550 illustrarent:
1415 1525 1556 1565 neque

71 1567 176 1608 adeo
198 1582 272 1606 sua
293 1567 418 1607 laude
447 1567 683 1607 fraudanda
717 1578 780 1607 est
814 1567 1047 1620 Tanaquilli
1075 1568 1219 1616 Fabri,
1253 1567 1441 1606 hominis
1474 1570 1557 1608 ele..

69 1626 231 1688 gamm,
264 1639 414 1678 opera,
450 1639 574 1678 quam
607 1624 649 1661 in
672 1623 753 1662 hoc
773 1624 949 1662 Luciani
980 1624 1141 1676 scripto
1173 1623 1341 1662 utiliter
1372 1626 1553 1663 colloca-

67 1681 155 1721 vit:
188 1681 303 1719 hunc
325 1695 408 1719 non
432 1681 625 1732 passibus
647 1680 792 1734 aequis
816 1691 856 1718 et
877 1683 1010 1734 longo
1033 1679 1136 1718 satis
1162 1679 1391 1719 intervallo
1413 1681 1553 1735 sequi-

67 1748 135 1777 tur
156 1737 390 1777 Lambcrtus
419 1736 635 1786 Βαιῖαειιε,
669 1737 787 1789 cujus
812 1736 854 1773 in
889 1737 1093 1775 Timonem
1113 1735 1281 1774 labores
1301 1735 1551 1791 diligentiae

68 1796 245 1849 gloriam
270 1805 382 1833 certe
402 1803 444 1833 et
467 1793 670 1847 propensi
693 1793 737 1831 in
760 1794 904 1831 literas
930 1793 1061 1830 animi
1085 1802 1319 1832 mer-:entur
1352 1807 1431 1847 ego
1452 1802 1553 1845 post

69 1851 175 1889 alios
213 1850 371 1889 lineam
400 1850 442 1887 in
475 1850 554 1888 hac
585 1849 727 1888 tabula
760 1848 912 1888 ducere
949 1849 1180 1898 constitui,
1224 1858 1264 1887 et
1302 1848 1392 1887 fors
1436 1863 1550 1901 ope-—

68 1921 138 1945 rae
182 1907 365 1959 pretium
410 1907 561 1945 fecisse
601 1904 807 1954 videbor,
868 1905 904 1942 si
954 1905 1193 1943 accuratius
1244 1903 1450 1956 qua-edam
1496 1919 1550 1944 ex

65 1962 351 2016 Aristophanis
390 1963 531 2001 fabula
578 1961 694 2001 Pluto
731 1965 825 2000 loca
862 1971 1272 2024 commonstravero‚
1315 1975 1420 2014 quae
1465 1960 1549 1999 sibi

66 2019 294 2073 proposuit
324 2018 530 2057 imitanda
554 2018 784 2070 Lucianus‚·
818 2031 902 2055 non
927 2017 1039 2056 enim
1065 2016 1166 2056 inde
1197 2016 1350 2069 scripti
1385 2016 1547 2070 praeci-

66 2090 196 2129 puum
238 2074 535 2114 tantummodo
574 2084 890 2129 argumentum,
949 2087 1094 2112 verum
1137 2073 1263 2112 etiam
1302 2072 1547 2112 locutiones

64 2134 294 2170 nonnullas
316 2140 358 2169 et
378 2131 611 2170 sententias
643 2130 862 2170 desumsit.
924 2129 1005 2168 Sed
1027 2139 1124 2182 post
1157 2130 1258 2169 Tan.
1282 2128 1455 2168 Fabrum
1476 2144 1548 2168 re-

66 2197 209 2237 stant,
242 2201 350 2241 quae
380 2187 430 2226 de
452 2188 636 2226 Timone
666 2187 981 2240 praedicamus,
1015 2199 1152 2247 neque
1180 2186 1291 2224 enim
1314 2194 1435 2224 tanto
1463 2199 1541 2226 nos

67 2243 184 2281 hunc
222 2242 440 2282 hominem
487 2243 611 2293 odio,
653 2254 814 2298 quanto
852 2243 924 2282 ille
964 2257 1096 2308 gem-s
1131 2256 1254 2281 omne
1291 2240 1540 2292 humanum,

66 2300 378 2353 prosequimur,
403 2303 469 2340 vel
491 2312 664 2354 propter
686 2299 801 2338 hunc
821 2303 956 2338 solum
977 2300 1151 2337 Luciani
1170 2297 1303 2336 nostri
1325 2297 1541 2338 libellum:

67 2370 164 2393 nam
188 2355 265 2393 hos
286 2359 375 2408 ejus
395 2371 529 2395 mores
552 2356 647 2394 infi.
656 2367 747 2396 etos
773 2366 814 2394 et
835 2356 885 2393 ab
909 2356 1127 2394 hominum
1150 2370 1198 2392 c(
1205 2353 1446 2407 ngressibus
1468 2353 1541 2392 ab·

65 2410 285 2450 horrentes
307 2427 340 2448 n
348 2415 408 2450 ale
442 2413 598 2451 nititur
615 2427 813 2452 excusare
846 2411 984 2451 Faber.
1045 2412 1152 2450 Sane
1174 2410 1354 2449 Platonis
1371 2409 1540 2462 Episto-

64 2467 125 2507 lae
146 2482 167 2506 a
192 2467 323 2506 Leone
343 2468 504 2508 Allatio
535 2469 795 2521 publicatae,
830 2469 1066 2533 sup-’histica
1091 2468 1233 2519 potius
1260 2466 1539 2505 sententiola-

65 2538 157 2562 rum
178 2523 388 2572 ludibria,
422 2539 543 2578 quam
567 2526 753 2563 nativam
778 2525 985 2578 principis
1008 2521 1261 2578 philosophi
1281 2522 1537 2575 gravitatem

66 2580 254 2632 spirant.
306 2592 454 2620 contra
489 2590 572 2620 stat
606 2592 791 2621 veterum
826 2582 1079 2630 auctoritas,
1113 2581 1204 2618 sine
1232 2592 1312 2631 qua
1345 2576 1454 2615 nihil
1487 2577 1536 2617 in.

65 2633 362 2687 hujuscemodi
394 2637 516 2675 rebus
555 2637 675 2677 licet:
721 2639 1007 2691 Aristophanes
1035 2638 1077 2674 in
1111 2637 1332 2690 Lysistrata
1362 2648 1402 2686 p.
1431 2637 1533 2677 887.

66 2692 283 2742 moenium
312 2694 506 2732 Timonis
537 2693 813 2732 inhumanum
847 2698 931 2733 sale
966 2694 1144 2732 Comico
1177 2691 1377 2739 defricat,
1409 2700 1450 2729 et
1484 2689 1534 2728 in

65 2747 220 2786 Avibus
242 2749 413 2788 deorum
445 2750 752 2803 hominumque
786 2765 949 2790 osorem
982 2760 1105 2788 vocat
1138 2744 1321 2801 καθαρὸν
1358 2749 1530 2798 Τίμωναῇ

66 2818 210 2843 merum
234 2805 455 2848 Timonem:
499 2817 757 2862 quapropter
785 2817 829 2848 et
855 2806 1008 2850 merito
1036 2805 1330 2862 μιςανθρώπου
1363 2815 1531 2857 cogno*⁴
