1778 3194
621 267 920 300 TIMON.

1389 258 1452 304 97

71 387 124 424 με
144 369 270 419 οὕτως
290 364 438 423 ἀτίμως
455 364 666 422 ὗπέβαλλες
685 366 729 422 ²)
761 362 935 421 ἀνδράσι,
952 367 1203 422 καταράτοις,
1234 369 1457 421 ἐπαινοῦσι,
1469 384 1507 420 p.
1523 381 1601 418 150.

77 440 144 480 καὶ
162 436 522 493 καταγοητεύουσι,
553 438 620 478 καὶ
639 434 770 478 πάντα
799 432 952 489 τρόπον
973 435 1282 490 ἐπιβουλεύουσί
1298 454 1367 492 μοι
1387 433 1458 490 b)·

76 508 145 548 καὶ
162 504 251 561 τόγε
275 511 498 547 τελευταῖον
518 506 703 556 ἔφησθα,
735 500 789 552 ὥς
808 500 1043 557 προδέδωκά
1066 515 1127 546 σε·
1156 501 1393 548 τούναντίον
1415 506 1460 549 δὲ

76 571 197 622 αὐτὸς
217 574 461 628 ἐγκαλέσαιμί
493 587 557 614 σοι
578 570 709 613 πάντα
737 569 888 625 τρόπον
919 569 1137 621 ἀπελαθεὶς
1163 569 1244 613 ’ὑπὸ
1266 578 1362 624 σοῦ,
1393 575 1459 616 καὶ

77 643 141 685 ἐπὶ
161 641 340 694 κεφαλὴν
362 641 550 691 ἐξωσθεὶς
570 639 613 695 c)
642 646 714 693 τῆς
746 641 894 689 οἰκίας·
930 645 1143 695 τοιγαροῦν
1170 637 1259 681 ἀντὶ
1279 646 1461 695 μαλακῆς

75 712 260 764 χλανίδος
282 705 350 762 d),
378 708 523 761 ταύτην
542 705 615 760 τὴν
646 710 848 763 διφθέραν
871 703 899 760 ἦ
920 707 1131 761 τιμιωτάτη
1155 722 1219 750 σοι
1239 709 1372 749 Πενία
1387 724 1458 750 πε-

77 779 305 832 ριτέθεικεν.
359 775 450 826 ὥςτε
469 771 621 831 μάρτυς
650 773 672 817 ὁ
693 773 852 831 (Ερμῆς
881 771 1042 827 οὑτοσὶ,
1073 781 1158 824 πῶς
1186 775 1362 818 ἱκέτευον
1385 772 1458 816 τὸν

78 847 159 887 Δία
189 842 336 899 μηκέθ’
359 843 403 900 e)
433 842 544 897 ἥκειν
570 841 682 899 παρὰ
709 843 771 895 σὲ,
805 842 909 887 οὕτω
939 846 1141 898 δυςμενῶς
1166 860 1234 898 μοι
1264 859 1459 900 προςενη-

75 914 275 969 νεγμένον.

189 986 325 1023 EPM.
352 975 480 1022 Ἀλλὰ
515 985 591 1022 νῦν
611 977 733 1037 ὁρᾷς,
766 973 799 1021 ὦ
820 984 999 1032 Πλοῦτε,
1031 978 1118 1030 οἷος
1137 961 1605 1046 τ’ίδτ],γεγε’νηται;Ρ3’ᾆ51’

77 1048 172 1098 ὥςτε
210 1051 379 1103 θαρῤαἷν
417 1047 670 1104 ξυνδιάτριβε
689 1043 731 1100 ²)
764 1044 897 1106 αὐτῷ·
943 1051 1012 1092 καὶ
1050 1047 1097 1092 σι)
1133 1050 1201 1102 μὲν
1230 1047 1378 1091 σκάπτε
1408 1046 1464 1099 ὥς

74 1117 194 1171 ἔχεις·
226 1115 276 1159 σύ
296 1117 338 1159 δὲ
363 1112 435 1158 τὸν
461 1115 678 1172 Θησαυρὸν
698 1115 884 1173 ὑπάγαγε
912 1121 963 1174 τῇ
985 1118 1161 1176 δικέλλῃ·
1191 1113 1462 1162 ὑπακούσεται

72 1183 149 1241 γὰρ
165 1178 407 1238 ἐμβοήσαντί
426 1197 502 1227 σοι.

193 1256 313 1294 TIM.
357 1252 576 1303 Πειστέον,
615 1246 649 1294 ὦ
675 1249 834 1308 “Ερμῆ,
865 1255 935 1296 καὶ
965 1249 1088 1303 αὖθις
1117 1255 1373 1308 πλουτητέον.
1423 1253 1464 1297 τί

75 1317 153 1376 γὰρ
174 1318 227 1361 ἂν
242 1321 310 1362 καὶ
329 1318 462 1362 πάθοι
480 1336 560 1370 τις,
593 1315 744 1362 ὁπόταν
766 1324 810 1364 οἷ
824 1322 917 1363 θεοὶ
935 1321 1137 1376 βιάζοιντο
1149 1339 1162 1373 ,·
1190 1321 1298 1375 πλὴν
1318 1321 1395 1377 ὅρα
1413 1339 1462 1378 γε

75 1390 132 1437 εἰς
160 1384 227 1430 οἷά
255 1403 303 1442 με
339 1385 550 1443 πράγματα
576 1389 759 1443 ἐμβαλεῖς
779 1391 824 1440 g)
853 1387 925 1432 τὸν
951 1391 1253 1443 κακοδαίμονα,
1296 1389 1342 1440 ὃς
1370 1388 1462 1448 ἄχρι

118 1504 160 1540 a)
185 1496 473 1546 ὖπέβαλλες]
499 1497 679 1547 ὑπέβαλες
710 1501 819 1536 Gorl.
890 1501 940 1543 b)
965 1505 1069 1545 μοι]
1104 1513 1163 1537 σοι
1189 1504 1288 1546 conj.
1315 1505 1354 1536 T.
1372 1505 1459 1538 Fab.

167 1547 203 1590 c)
222 1544 480 1589 ἐξωσθεὶς]
507 1545 705 1589 ἐξωσθεὶς-Ρ.
756 1547 796 1592 d)
815 1548 1070 1592 χλανίδος]
1096 1549 1460 1596 Siceconj.Hemst.,

166 1603 280 1637 quam
301 1593 527 1627 confirmant
546 1593 652 1628 codd.
673 1594 767 1639 Aug.
784 1599 821 1627 et
840 1593 947 1627 Gorl.
969 1605 1037 1639 pro
1055 1592 1252 1638 χλαμύδος.
1304 1597 1347 1639 e)
1371 1608 1431 1640 μη
1446 1616 1464 1622 -

166 1634 291 1682 κέθ’]
317 1639 380 1672 Sic
405 1639 451 1673 R.
472 1640 514 1673 L.
534 1640 565 1672 J.
585 1650 704 1684 marg.
725 1645 767 1673 A.
795 1651 825 1676 1.
846 1639 904 1672 W.
925 1643 967 1673 A.
991 1652 1023 1675 2.
1052 1645 1141 1684 Arg.
1170 1642 1289 1673 Solan.
1322 1643 1460 1676 Hemst.

167 1685 256 1727 maj.
277 1685 392 1719 Schm.
411 1696 480 1729 pro
504 1681 616 1729 μήθ’,
644 1686 746 1731 quod
763 1685 803 1718 in
821 1685 975 1730 reliquis
993 1692 1058 1720 est.
1114 1687 1159 1730 f)
1183 1687 1266 1729 ξυν
1280 1684 1417 1731 διάτρ
1430 1700 1463 1722 ι-

168 1731 530 1810 ξῒεὲέἷῖδιατρίβου
552 1731 634 1767 cod.
662 1737 761 1778 1428.
809 1733 858 1777 g)
884 1729 1030 1779 ἐμβαλ
1043 1731 1132 1778 εἷς]
1157 1729 1346 1779 ἐμβάλλεις
1366 1735 1460 1780 Aug.

77 1887 143 1918 ret
160 1881 297 1930 culpa,
330 1877 417 1919 imo
449 1895 599 1936 magna
628 1880 739 1921 mihi

79 1934 151 1973 abs
169 1943 210 1973 te
222 1935 334 1972 facta
353 1935 512 1988 injuria
525 1947 600 1987 est,
616 1952 739 1991 quem

10 2007 17 2051 t·
79 1989 185 2029 adeo
227 1991 537 2031 contumeliose
567 1996 740 2031 scelera-

79 2056 220 2085 torum
232 2045 402 2085 illorum
413 2047 589 2086 libidini
602 2048 739 2102 subje-

16 2102 17 2106 ’
78 2102 199 2151 ceris,
223 2101 505 2152 laudantium,
527 2113 739 2143 assentan-

77 2157 199 2207 tium,
234 2158 349 2196 omni
383 2168 470 2197 arte
493 2159 738 2198 insidianti-

77 2228 161 2251 um.
192 2213 309 2267 Quin
332 2214 458 2253 etiam
478 2225 575 2267 post
597 2216 739 2255 omnia

81 2268 255 2319 dixisti,
304 2269 521 2322 proditum
552 2280 594 2311 te
627 2287 649 2310 a
674 2287 739 2312 me

82 2325 234 2364 fuisse:
275 2325 348 2364 sed
362 2341 453 2364 cum
468 2342 490 2365 a
505 2336 545 2367 te
560 2342 610 2367 ex
627 2328 739 2367 aedi·

79 2379 156 2419 bus
175 2395 375 2420 excussus
401 2382 493 2432 sim,
529 2393 573 2422 et
597 2385 739 2436 capite

80 2446 300 2490 protrusus
327 2438 461 2487 foras,
506 2450 665 2492 quanto
698 2449 739 2479 te

81 2493 222 2532 verius
256 2492 519 2545 proditionis
546 2510 739 2534 accusare

82 2549 285 2600 possum?
333 2563 460 2602 quare
502 2564 579 2602 pro
618 2551 739 2590 molli

79 2607 264 2654 paenula
298 2605 531 2644 rhenonem
564 2607 646 2645 tibi
674 2607 739 2645 in-

85 2657 180 2696 duit
201 2660 436 2699 veneranda
462 2662 541 2700 ista
560 2664 741 2716 Pauper-

85 2723 171 2752 tas:
192 2715 333 2768 itaque
343 2717 416 2755 hic
427 2718 668 2757 Mercurius
684 2728 743 2757 te-

83 2770 278 2820 stabitur,
310 2786 430 2826 quam
451 2773 576 2813 enixe
595 2775 743 2815 Jovem

87 2824 403 2877 obsecraverim,
418 2844 468 2868 ne
480 2828 530 2866 ad
546 2840 584 2869 te
604 2829 744 2872 denuo

132 2895 282 2925 Luc-iun.
314 2895 389 2927 l‘ol.
421 2897 444 2926 l.

795 1881 1007 1932 mitterer,
1042 1882 1116 1936 qui
1138 1890 1304 1921 tantum
1328 1882 1375 1922 in
1395 1896 1462 1923 me

798 1937 944 1977 odium
970 1938 1217 1979 exaruisses.

852 1995 958 2031 Mer.
991 1993 1047 2031 At
1072 2007 1187 2032 nunc
1207 1993 1340 2043 vides,
1362 1995 1461 2035 Plu-

795 2057 860 2099 te,
894 2049 1030 2101 qualis
1063 2049 1144 2088 sit:
1186 2049 1332 2102 itaque
1358 2048 1462 2089 eum

796 2119 846 2144 eo
881 2107 962 2158 jam
995 2103 1193 2144 audacter
1222 2106 1378 2155 facito,
1413 2115 1463 2145 ut

799 2174 1060 2202 consuescas.
1130 2163 1197 2199 Tu
1262 2160 1459 2214 quidem,

798 2217 968 2265 Timon,
1002 2225 1152 2256 terram
1172 2216 1328 2266 fodit-0,
1344 2216 1463 2268 quod.

798 2272 923 2311 facis:
964 2282 1007 2311 at
1052 2282 1121 2321 tu,
1166 2273 1315 2322 Plute,
1353 2272 1465 2311 The·

797 2342 966 2366 saurum
991 2327 1068 2366 sub
1088 2331 1178 2381 ejus
1191 2329 1379 2381 ligonem
1392 2327 1464 2365 ad-

800 2383 973 2422 ductum
1014 2384 1174 2431 facito;
1224 2384 1307 2422 tibi
1349 2382 1462 2423 enim

799 2439 1050 2478 inclamanti
1080 2439 1350 2478 auscultabit.

864 2497 965 2537 Tim.
997 2497 1148 2534 Parere
1169 2510 1336 2535 necesse
1369 2505 1459 2545 est»,

797 2552 1004 2601 Mercuri,
1029 2561 1070 2590 et
1097 2551 1148 2589 de
1168 2552 1335 2604 integro
1355 2550 1464 2590 dite-

799 2607 1011 2647 scendum.
1085 2607 1192 2645 Cum
1238 2606 1350 2645 enim
1379 2607 1461 2645 Dii

801 2665 885 2717 ipsi
918 2665 1003 2703 vim
1043 2661 1292 2711 adhibeant,
1333 2662 1458 2717 quid,

801 2734 978 2775 quaeso,
1013 2717 1119 2756 fiat?
1161 2719 1320 2757 Tamen
1357 2718 1463 2756 illud

801 2775 913 2825 vide,
948 2776 993 2813 in
1016 2788 1121 2828 quae
1151 2789 1216 2812 me
1249 2777 1464 2826 conjectu·

804 2846 872 2871 rus
893 2833 948 2871 sis
972 2829 1264 2879 incommoda,
1302 2831 1376 2883 qui
1403 2830 1462 2868 vi·

1149 2886 1184 2923 G
