1778 3194
456 274 1105 316 PROMETHEUS·
1371 259 1468 307 125>

91 375 383 436 ἕπιτᾶγματοςς
410 376 441 433 ἤ
459 376 530 434 οὐχ
548 377 684 427 ἴκανὸς
702 377 748 430 g)
781 374 886 418 εἷναί
905 390 969 418 σοι
989 376 1107 416 δοκεῖ
1123 372 1146 416 ὁ
1164 370 1380 423 Καύκασος
1402 373 1516 417 neap·
1532 368 1606 411 ¹85·
1631 394 1639 402 =

89 444 237 497 ἄλλους
267 446 319 491 ὂὶν
345 453 525 504 χωρῆσαι
554 445 627 491 δύο
657 445 1106 501 προςπατταλευθῆναις
1144 438 1224 483 ἀλλ’
1254 439 1367 497 ὄρεγε
1394 439 1469 496 τὴν

89 513 249 565 δεξιάν·
283 515 331 559 σύ
359 517 401 559 δὲ
412 550 423 568 ,
455 512 518 558 «i
517 514 732 569 Ἡφαιστε,
773 511 998 562 κατάκλειε,
1037 510 1106 552 καὶ
1137 507 1363 564 προςήλου,
1403 511 1610 563 καὶΡΑε-ῑ.

86 581 162 636 τὴν
185 582 346 639 σφύραν
369 584 601 640 ἕρᾆμένως
610 580 831 664 κατάφερε
889 578 985 628 δὸς
975 580 1043 620 καὶ
1061 575 1134 631 τὴν
1154 578 1289 631 ἑτέραν
1303 590 1312 599 ·
1341 596 1472 621 κατει·

82 648 239 704 ληφθω
265 647 312 694 εὐ
339 651 444 707 μάλα
469 654 539 694 καὶ
566 649 665 704 αὕτη
682 645 828 699 11)·εὑ
848 648 935 701 ἔχει.

86 720 156 760 καὶ
182 737 202 761 ο
235 717 353 769 ἆετὸς
381 718 508 762 &nous
492 737 592 774 ρων
623 717 667 761 τὸ
686 719 816 772 ἧπαρ,
849 714 903 765 ὡς
935 711 1068 755 πάντα
1084 709 1123 767 ³)
1158 713 1261 766 ἔχοις
1283 709 1373 757 ἀντὶ
1397 719 1471 768 τῆς

23 827 24 830 ,
84 784 214 840 καλῆς
234 789 302 830 καὶ
327 783 557 842 εὐμηχάνου
579 791 808 839 πλαστικῆς.

201 860 381 898 ΠΡΟΜ.
406 850 470 906 ³52
489 853 644 910 Κρόνε,
676 851 932 905 καὶἸαπετὲ,
964 854 1033 896 καὶ
1062 851 1110 896 σύ
1139 856 1200 906 Γῆ
1226 855 1374 904 μῆτερ,
1404 847 1471 893 οἷα
1496 856 1523 899 3

86 923 278 966 πέπονθα
298 921 319 966 ὅ
338 927 623 978 κακοδαίμων,
657 921 776 967 οὐδὲν
794 917 845 971 1’“)
878 920 1010 964 δεινὸν
1041 921 1322 976 εἰργασμένος,-

199 995 341 1033 ΕΡΜ.
378 987 509 1034 Οὐδὲν
535 991 670 1035 δεινὸν
700 988 896 1047 εἰργάσω,
929 984 963 1032 ai
985 993 1233 1044 Προμηθεῦ,
1264 986 1309 1036 ὃς
1333 991 1474 1041 πρῶτοι

25 1084 26 1087 =
85 1057 156 1112 μὲν
170 1057 246 1112 τὴν
265 1058 398 1114 νομὴν
415 1078 494 1101 των
508 1077 641 1114 κρεων
663 1060 935 1144 ἐγχειρισθεὶς,
966 1056 1094 1106 ου’τως
1109 1056 1252 1098 ἄδικον
1274 1052 1469 1107 ἐποιήσω,

83 1127 154 1168 καὶ
181 1122 413 1181 ἆπατηλὴν,
444 1146 500 1177 ως
519 1127 631 1170 αὕτω
649 1126 691 1182 ¹)
724 1129 794 1182 μὲν
821 1125 870 1169 τὰ
897 1123 1087 1170 κάλλιστα
1113 1121 1375 1174 ὑπεξελέσθαι
1395 1125 1425 1143 ¹¹¹
1437 1119 1468 1177 )‚

996 642 1289 697 καταπτήσεται
1320 648 1363 689 δὲ
1389 645 1469 701 ἤδη

82 1192 156 1237 τὸν
177 1197 258 1237 Δία
277 1196 319 1238 δὲ
334 1198 687 1251 παραλογίσασθαι
706 1193 806 1239 ὀστα

305 1294 317 1304 .
352 1294 362 1304 .
397 1296 406 1305 .
439 1296 451 1305 .
482 1263 671 1316 καλύψας
683 1259 821 1346 ’ἇργέτι
844 1266 974 1317 finani,-

26 1368 27 1374 ,
86 1330 292 1385 μέμνημαι
306 1329 522 1384 Ἠσιόδου,
553 1331 604 1386 νὴ
624 1328 708 1385 Δί’,
741 1331 870 1380 οὕτως
899 1328 1096 1380 εἰπόντος.

27 1454 28 1462 ¹
84 1396 335 1454 ἀνθρώπους
365 1396 614 1451 ανὲπλασας,
654 1397 962 1454 πανουργότατα
993 1403 1094 1451 ζωα,
1133 1415 1203 1440 και
1233 1392 1401 1450 μάλιστά
1428 1412 1471 1450 γε
1498 1409 1532 1432 v·
1555 1409 1634 1443 541·

1436 1323 1446 1341 1
1490 1301 1636 1339 Ηεείοιῖ.

1156 1330 1285 1371 ἔπειτα
1315 1325 1358 1370 δε
1376 1342 1473 1376 τους
1494 1352 1636 1394 Theog

130 1490 178 1534 g)
206 1487 396 1544 ἱκανός]
425 1490 627 1543 Pleraeque
647 1489 728 1524 edd.
753 1489 889 1528 ἕκανως
909 1488 1069 1532 exceptis
1093 1488 1135 1520 V.
1157 1499 1188 1521 2.
1213 1486 1248 1520 S.
1269 1488 1310 1518 A.
1331 1486 1468 1517 I-Iemvr.

177 1535 293 1567 Scltm·
325 1530 472 1574 Ικανος
490 1536 727 1569 emendatum
747 1536 785 1568 in
805 1547 925 1579 marg.
945 1537 985 1566 A.
1001 1546 1029 1567 1.
1051 1534 1110 1567 W.
1160 1533 1209 1576 11)
1237 1528 1380 1573 αὕτη]
1408 1530 1472 1563 Sic

176 1591 196 1613 e
217 1581 314 1622 conj.
332 1583 446 1614 Jensii
464 1582 585 1614 Lectt.
602 1583 718 1614 Luce.
741 1593 775 1625 p.
795 1593 845 1625 13.
866 1592 935 1629 pro
955 1580 1057 1624 vulg
1079 1574 1187 1623 αὕτή
1236 1579 1271 1633 i)
1297 1575 1471 1620 πάντα]

176 1639 295 1661 ταυτα
316 1629 414 1669 conj.
434 1627 554 1660 Clerzc.
602 1627 649 1669 1)
678 1623 790 1662 οὕὸὲ
802 1630 847 1671 ν]
874 1625 1024 1662 ου’ὁεΒ.
1049 1637 1081 1659 2.
1142 1626 1182 1667 l)
1211 1621 1361 1670 αὕτῳ]
1388 1625 1469 1667 ipsi.

176 1673 239 1707 Sic
259 1674 356 1706 inB.
382 1686 412 1708 2.
434 1674 474 1708 A.
500 1685 528 1708 1.
551 1679 587 1706 et
609 1685 640 1707 2.
668 1674 850 1718 scriptum
876 1673 1009 1717 reperi.
1058 1673 1102 1704 In
1121 1671 1275 1715 reliquis
1297 1660 1471 1703 omnihus

154 1716 301 1766 “αυτῷ,
333 1719 445 1752 etiam
472 1718 512 1752 in
533 1723 581 1751 Il(
584 1728 668 1752 ·..mst
695 1726 730 1753 ee
752 1726 791 1752 3
791 1721 865 1753 -.lcm
900 1719 981 1752 Vid.
1013 1717 1060 1751 ad
1077 1718 1226 1750 Timon.
1252 1729 1283 1752 c.
1303 1726 1358 1762 57.
1410 1714 1472 1747 Si-

174 1755 266 1798 :mile
283 1766 458 1798 mendum
479 1765 669 1799 emendavi
689 1766 784 1800 Tim.
807 1777 837 1799 c.
851 1771 883 1803 8.
918 1765 966 1798 cf
989 1764 1078 1798 ibid.
1101 1776 1132 1796 e.
1158 1775 1210 1796 10.
1232 1764 1362 1796 verba:
1375 1757 1471 1813 οἶγέ-

175 1823 227 1845 τω
251 1809 289 1846 δὲ
309 1824 328 1845 0
356 1812 526 1851 Πλοῦτος
551 1825 613 1845 και
634 1809 701 1847 τὸν
726 1808 925 1857 Θησατρὸν
956 1823 999 1854 με
992 1806 1040 1844 ·’τ
1070 1806 1202 1844 αυτοῦ.
1274 1809 1337 1851 m)
1361 1804 1472 1842 ὑπε-

177 1855 432 1901 ξελέσθαι]
458 1855 644 1900 ἐξελέσθαι
667 1859 773 1891 codd.
800 1870 861 1902 142
867 1866 898 1897 8.
919 1863 956 1890 et
977 1867 1078 1901 2954.

86 1957 111 1983 o
144 1941 427 1992 Promethea,
475 1942 747 1992 miserescite,

85 2009 135 2037 ut
157 2009 231 2037 tua
250 1999 344 2038 vice
376 2001 460 2051 jam
493 2013 571 2037 nos
605 2000 747 2038 statim

808 1956 885 1996 pro
906 1941 1016 1981 bella
1039 1951 1111 1980 tua
1134 1951 1176 1980 et
1196 1937 1471 1979 solertissima

808 1998 1000 2051 fingendi
1022 2008 1123 2037 arte.

83 2056 130 2092 in
151 2069 315 2094 crucem
337 2068 510 2108 agamur
524 2054 638 2094 dicto
658 2069 748 2094 non

84 2110 333 2150 audientes:
393 2125 494 2148 num
547 2109 745 2165 (annon)

84 2167 265 2207 idoneus
319 2181 408 2207 esse
447 2167 527 2205 tibi
574 2166 746 2207 videtur

31 2229 33 2244 ³
85 2223 320 2274 Caucasus,
372 2222 447 2277 qui
481 2224 588 2263 alios
619 2225 746 2262 etiam

86 2279 192 2318 duos
221 2280 364 2332 capiat
381 2279 464 2318 sibi
493 2280 622 2318 clavis
653 2278 748 2318 affi-

84 2333 245 2390 gendos
267 2335 288 2373 ‘3
318 2336 377 2374 At
397 2345 445 2374 tu
462 2336 634 2390 porrige
647 2336 746 2376 dex-

83 2402 214 2431 tram:
244 2400 294 2430 tu
314 2400 477 2442 autem,
530 2393 742 2443 Vulcane,

84 2446 256 2487 include
274 2461 378 2497 eam,
411 2447 652 2501 additisque
665 2452 747 2486 cla·

84 2505 148 2542 vis
163 2506 356 2542 malleum
369 2504 524 2553 valide,
539 2515 744 2558 quantum

84 2571 228 2612 potes,
268 2559 406 2614 adige.
478 2561 537 2598 Et
574 2563 743 2600 alteram

86 2615 256 2667 praebe:
287 2615 391 2655 haec
409 2616 540 2655 etiam
566 2617 743 2657 omnino

86 2671 192 2710 bene
220 2673 410 2712 revincta
450 2682 554 2711 esto.
613 2672 747 2714 Recte

86 2725 235 2766 habet:
281 2727 498 2768 devolabit
527 2731 611 2782 jam
644 2743 746 2768 mox

88 2796 258 2838 quoque
278 2784 420 2839 aquila
443 2784 668 2825 detonsura
687 2787 746 2838 je·

0 2851 3 2857 ·
33 2871 52 2903 Ι.
87 2853 184 2889 cur,
233 2849 282 2880 ut
317 2840 430 2879 nihil
469 2855 558 2881 non
594 2840 744 2881 habeas

861 2054 998 2094 From.
1040 2054 1219 2092 Saturne
1236 2082 1248 2102 ‚
1301 2051 1469 2104 Japete,

805 2118 935 2164 tuque
967 2111 1098 2150 Terra
1129 2118 1282 2158 mater,
1326 2107 1471 2170 qualia

804 2166 1022 2218 peipetior
1048 2166 1197 2216 miser,
1253 2164 1328 2218 qui
1358 2162 1472 2204 nihil

804 2223 904 2260 mali
931 2222 1107 2262 admisi!

860 2281 990 2319 Mero.
1030 2278 1156 2318 Nihil
1192 2287 1239 2317 tu
1268 2278 1367 2317 mali
1399 2276 1472 2316 ad-

803 2335 972 2384 misisti,
995 2334 1266 2384 Prometheu,
1291 2335 1364 2387 qui
1383 2334 1470 2387 pri-

803 2406 917 2428 mum
939 2391 1241 2430 distributione
1279 2391 1469 2429 carnium

805 2447 887 2485 tibi
901 2447 1157 2496 concredita,
1172 2458 1255 2486 tam
1267 2447 1470 2500 injustam

804 2503 1002 2543 fecistiet
1014 2503 1403 2553 fraudulentam,ut
1416 2503 1469 2541 ti-

805 2559 849 2597 bi
871 2559 1038 2614 quidem
1054 2559 1230 2598 subdole
1241 2569 1379 2611 partes
1393 2573 1468 2612 op-

805 2616 927 2654 timas
941 2616 1311 2664 exi111eres‚Jovem
1325 2626 1466 2655 autem

805 2672 1131 2711 circumvenires
1154 2672 1334 2711 obtectis
1365 2672 1469 2711 ossi-

803 2727 878 2766 bus
902 2728 1025 2780 adipe
1047 2726 1250 2769 candidae
1292 2727 1468 2768 memini

803 2784 1084 2824 saneHesiodi
1096 2784 1157 2823 sic
1169 2783 1363 2824 dicentis.
1378 2786 1465 2824 De·

803 2840 903 2881 inde
925 2840 1119 2881 homines
1140 2839 1360 2890 effinxiati,
1375 2841 1465 2879 ani·
