1778 3194
138 347 267 383 p.14o.

199 1022 256 1065 28

282 224 350 270 88

750 235 1152 269 LUCIANz

395 336 609 378 ΠΛΟΤΤ.
652 329 711 378 Οὖ
731 335 895 389 τυφλοὶ,
928 331 961 377 ὦ
986 333 1138 390 ἄριστε·
1172 331 1260 378 ἀλλ’
1287 335 1316 391 ἦ
1342 335 1507 394 ἄγνοια,
1536 337 1655 393 καὶῆ

280 400 428 457 ἆπᾶτη,
449 405 565 459 α’ἴπερ
585 408 661 448 νῦν
676 405 882 459 κατέχουσι
899 402 948 446 τὰ
964 401 1108 455 πάντα,
1121 402 1419 454 ἐπισκιάζουσιν
1437 403 1580 455 αὐτούς
1594 405 1656 462 q)-

279 472 336 515 ἔτι
367 472 409 515 δὲ
438 474 504 515 καὶ
535 468 678 525 αὐτὸς,
710 469 764 522 ὥς
791 472 845 527 μὴ
874 471 1128 515 παντάπασιν
1157 470 1340 527 ἄμορφος
1364 476 1470 527 εἴην,
1500 491 1655 529 προςω-

279 538 395 583 πεῖόν
425 557 464 583 τι
483 543 526 594 ')
555 541 815 597 περιθέμενος
841 537 1155 596 ἐρασμιώτατον,
1187 539 1422 595 διάχρυσον,
1451 544 1518 597 καὶ
1544 548 1658 585 λιθο-

278 605 493 663 κόλλητον,
524 609 592 652 καὶ
621 611 784 651 ποικίλα
803 607 938 661 ἐνδὺς,
969 607 1193 663 ἐντυγχάνω
1215 606 1364 659 αὐτοῖς.

1426 612 1468 664 οξ
1493 610 1533 652 δὲ
1544 643 1554 660 ,
1587 608 1658 652 αὗ-

277 676 541 733 τοπρόςωπον
559 675 736 729 οἰόμενοι
753 677 794 734 ³)
826 673 924 734 ὁρᾷν
942 675 986 719 τὸ
1008 673 1170 729 κάλλος,
1199 679 1341 733 ἐρῶσι,
1371 678 1438 720 καὶ
1460 674 1655 720 ἆπόλλυν·

276 761 341 786 ται
361 743 414 798 μή
438 744 731 799 ἐντυχάνοντες.
780 741 833 794 ὦς
856 747 893 788 εἴ
913 763 956 801 γε
974 762 1034 795 τις
1052 742 1203 797 αὐτοῖς,
1234 746 1328 789 ὅλον
1347 744 1657 803 ἀπογυμνώσας,

135 824 171 860 P·
190 813 448 863 141·ἐπὲδειξε’
479 831 547 867 με,
578 815 698 866 δῆλον
725 809 778 861 ὦς
804 815 1101 869 κατεγίνωσκον
1126 812 1177 856 ὂίν
1204 811 1337 858 αὑτοῖν
1358 813 1423 866 t)‚
1455 810 1659 869 οἷμβλυώτ-

279 897 414 929 τοντες
432 879 481 923 τὰ
499 885 725 936 τηλικαῦτα,
745 883 812 924 καὶ
828 882 991 936 ἐρῶντες
1009 877 1239 938 ἀνεράστων
1255 884 1322 926 καὶ
1341 879 1539 939 ἀμόρφων
1559 899 1657 939 πρα·

279 948 454 1005 γμάτων.

1131 1016 1195 1033 «191

398 1021 535 1060 EPM.
572 1018 621 1060 Τί
640 1014 713 1062 οὖν
735 1017 795 1063 ὅτι
815 1038 882 1063 και
899 1019 942 1074 “)
972 1021 1015 1063 ἒν
1041 1015 1146 1076 αὗτῳ
1168 1022 1245 1073 ηὸη
1266 1022 1321 1077 τῷ
1338 1023 1526 1063 πλουτεῖν
1544 1015 1658 1075 γενό-

280 1102 415 1140 μενοι,
455 1086 526 1127 καὶ
551 1084 595 1128 τὸ
624 1094 874 1142 προςωπεῖον
903 1085 1017 1130 αὐτοὶ
1036 1090 1089 1137 ¹)
1119 1089 1397 1143 περιθέμενοι,
1434 1090 1488 1130 ἔτι
1519 1089 1659 1138 ἐξαπα-

278 1158 444 1205 τῶνταις
472 1155 540 1196 καὶ
567 1152 620 1207 ’ἤν
649 1172 708 1204 τις
737 1151 958 1210 ἀφαιρῆται
977 1152 1146 1206 αὐτοὺς,
1175 1160 1328 1197 θᾶττον
1358 1154 1408 1197 ἂν
1426 1154 1501 1208 τὴν
1521 1157 1567 1206 y)
1599 1172 1661 1197 κε-

279 1220 415 1276 φαλὴν
442 1240 468 1275 η
487 1220 533 1265 τὸ
551 1229 804 1277 προςωπεῖον
829 1221 1020 1278 πρόοιντο
1042 1221 1115 1278 ²)3
1147 1221 1194 1265 οὗ
1223 1241 1298 1278 γαρ
1333 1221 1380 1276 δὴ
1403 1221 1449 1278 a)
1479 1223 1548 1264 καὶ
1575 1221 1661 1266 τότε

327 1315 375 1360 q)
403 1307 608 1356 αυτούς]
634 1309 762 1354 αυτοῖς
781 1325 899 1358 marg.
920 1314 961 1347 A.
985 1325 1014 1346 1.
1035 1313 1096 1347 W.
1115 1318 1314 1357 utrumque
1333 1312 1488 1348 bonum
1522 1314 1658 1346 Hemst.

371 1360 416 1403 r)
442 1359 509 1401 τι]
534 1359 743 1393 addidimus
762 1371 803 1394 ex
826 1362 918 1404 Aug.
934 1365 971 1393 et
994 1358 1102 1393 Gorl

371 1405 578 1439 nonnullae
596 1412 684 1441 vett.
702 1407 743 1440 in
771 1406 829 1439 his
850 1408 889 1440 Α
910 1418 941 1441 2.

370 1451 494 1483 Solan.

542 1452 588 1484 In
609 1453 740 1485 ceteris
760 1464 873 1497 prave
900 1448 1035 1487 αὐτῶν.

1171 1360 1209 1399 s)
1237 1339 1476 1402 οἰόμενοι]
1503 1355 1662 1402 εἰόμενοι

1014 1405 1053 1449 t)
1078 1400 1258 1447 αυτων]
1284 1404 1344 1438 Sic
1373 1406 1488 1437 Schm-
1519 1416 1538 1438 e
1561 1416 1659 1446 conJ.

1108 1453 1152 1494 11)
1179 1452 1225 1485 τί
1250 1463 1333 1485 ουν
1362 1447 1436 1485 ότι
1460 1450 1570 1492 καὶ]
1598 1451 1661 1485 Sic

372 1497 512 1542 plene'
501 1508 541 1530 in
569 1498 614 1531 R.
639 1504 674 1531 et
693 1510 810 1555 marg.
833 1500 874 1532 A.
897 1511 926 1534 1
948 1499 1007 1531 W.
1030 1503 1065 1530 et
1090 1497 1180 1529 hinc
1209 1496 1329 1528 Solan.
1349 1499 1484 1529 Hemst.
1516 1498 1601 1538 maj.
1625 1503 1662 1530 et

372 1543 489 1576 Schm.

541 1542 767 1577 Omissum‘
752 1543 808 1578 ότι
822 1545 863 1576 in
880 1544 1067 1597 prioribus
1096 1542 1199 1584 edd„

1227 1543 1329 1575 utA.
1355 1553 1382 1577 1
1406 1543 1448 1575 B.
1474 1554 1504 1578 2.
1524 1546 1661 1576 Hemet.

371 1588 464 1621 min.
478 1613 487 1630 ,
520 1590 685 1633 positum
713 1591 848 1623 omisso
874 1591 935 1624 καὶ
960 1589 1001 1622 111
1031 1591 1062 1622 J·
1085 1589 1125 1621 A.
1150 1600 1181 1622 2.
1176 1567 1290 1641 j0Arg
1311 1589 1544 1621 Kistemakeri
1571 1601 1662 1622 con-

371 1634 516 1677 iectura
532 1636 580 1668 ad
601 1635 768 1680 Thucyd.
787 1648 824 1681 p.
846 1648 920 1691 133·

372 1690 410 1711 es
406 1691 451 1712 se
461 1681 697 1725 putabamus

371 1724 479 1759 locus
500 1737 577 1760 esse
604 1738 680 1760 non
708 1735 867 1772 poterat.

373 1771 570 1806 observatu
596 1773 761 1817 dignum.

371 1817 431 1851 Ita
463 1820 505 1852 C.
535 1820 575 1852 Ρ.
603 1819 645 1852 L.
675 1822 761 1865 Arg

373 1866 511 1897 Hemst.
530 1864 624 1901 min.
647 1866 713 1901 δεῖ.

335 1955 459 1999 Ῥίιιέ.
491 1957 622 1997 Haud
644 1957 704 1997 ita
726 1968 802 2009 est,
825 1974 848 1998 o
865 1959 941 2000 bo-

281 2027 350 2064 ne,
383 2014 456 2053 sed
470 2014 713 2068 ignorantia
740 2025 782 2055 et
800 2030 939 2066 error,
998 2016 1035 2055 si
1064 2014 1275 2069 perditum
1310 2024 1425 2054 eunt.

281 2085 390 2125 quae
417 2084 535 2109 nuno
587 2071 729 2111 omnia
777 2072 944 2112 invase-

280 2136 398 2177 runt,
433 2126 657 2180 caliginem
695 2128 799 2192 ipeis
835 2129 943 2181 obji-

282 2183 416 2224 ciunt.
447 2182 583 2233 Adde,
599 2183 748 2238 quod
736 2199 826 2237 ipse
840 2198 944 2237 quo-

283 2253 445 2293 que‚ne
465 2253 636 2292 piorsus
661 2239 862 2279 deformis
882 2240 946 2279 vi·

283 2295 404 2346 (leat,
451 2304 593 2348 aptata
628 2295 735 2333 mihi
765 2309 945 2347 persona

281 2366 488 2406 perquam
513 2351 699 2401 amabili,
734 2352 941 2401 inaurata,

283 2408 540 2462 gemmisque
569 2407 794 2457 distincta,
829 2407 945 2446 insu-

281 2478 358 2517 per
380 2464 498 2504 varia
520 2474 636 2503 veste
658 2474 854 2514 ornatus,
888 2464 943 2501 iis

283 2534 349 2559 me
374 2520 533 2560 offero:
576 2520 641 2558 illi
672 2529 833 2570 autem,
868 2519 945 2573 qui

285 2575 459 2615 credaut
479 2576 622 2615 videre
643 2590 784 2615 senon
805 2590 945 2629 perso·

285 2642 427 2671 natam
451 2633 638 2686 aliquam
657 2631 946 2684 pulcluitudi-

285 2702 394 2737 nem,
415 2688 519 2727 sed
507 2704 552 2727 m
577 2689 671 2741 ipso
693 2692 816 2727 vultu
830 2685 945 2727 efflo-

286 2754 540 2793 tescentem‚
584 2759 723 2783 amole
758 2743 943 2783 inardes-

289 2809 405 2851 cunt,
421 2814 467 2839 ac
487 2800 572 2840 nisi
594 2801 830 2855 potiantur,
844 2814 944 2855 prae

975 1634 1020 1669 Τι’
1045 1647 1135 1675 ουν,·

745 1685 781 1725 x)
810 1695 863 1717 αυ
875 1681 973 1724 το]
999 1691 1017 1713 e
1036 1681 1133 1721 conj.
1147 1680 1297 1712 ἳοίιιηιν
1272 1691 1354 1733 pro
1370 1681 1472 1725 vulg.
1482 1693 1587 1723 αυτο,
1600 1682 1662 1715 cui

940 1729 985 1772 y)
1014 1723 1069 1760 ἂν
1093 1722 1200 1770 τὴν]
1231 1721 1348 1779 αὕτήν
1374 1727 1459 1772 Arg.
1484 1727 1661 1762 mendum

832 1775 875 1817 z)
911 1769 1178 1825 πρόοιντο]
1203 1769 1372 1814 πρόειντο
1404 1773 1434 1806 J.

791 1826 827 1855 et
856 1819 1104 1861 recentiore83
1150 1818 1190 1852 in
1215 1818 1506 1864 antiquioribus,
1549 1820 1661 1854 etiam

1174 1646 1206 1677 ο,
1212 1646 1245 1668 τι
1271 1633 1332 1667 καὶ
1353 1641 1450 1668 certe
1470 1646 1546 1667 non
1566 1646 1661 1689 opus

1508 1776 1551 1817 a)
1579 1770 1660 1818 δή]

999 1959 1161 1999 doloris
1186 1958 1453 2013 impatientia
1486 1972 1574 1998 sese
1596 1959 1659 2011 ip-

1486 2016 1593 2055 Sane
1622 2016 1662 2054 si

1003 2074 1098 2126 quis
1122 2087 1186 2111 me
1204 2070 1409 2110 nudatum
1428 2070 1480 2109 iis
1520 2081 1661 2112 osten-

1003 2128 1126 2177 derit,
1161 2127 1454 2166 damnabunt
1443 2141 1526 2179 lpsi
1545 2141 1657 2177 sese,
1716 2143 1721 2148 ’

1005 2185 1079 2237 qui
1105 2193 1324 2235 tantopere
1344 2183 1599 2232 caecutiant,
1616 2193 1660 2222 et

1003 2254 1067 2279 res
1081 2253 1248 2292 prorsus
1263 2238 1510 2277 inamabiles
1533 2248 1574 2278 et
1587 2239 1662 2276 in·-

1003 2304 1201 2334 venustas
1235 2304 1319 2333 tam
1359 2293 1550 2334 studiose
1587 2309 1659 2348 pe-

1003 2360 1109 2393 tant.

1059 2410 1165 2447 Mer.
1209 2405 1328 2462 Quid
1364 2405 1502 2461 quod,
1544 2415 1661 2459 postf

1001 2479 1125 2519 quam
1139 2467 1221 2518 jam
1242 2463 1396 2503 divites
1417 2461 1521 2501 facti
1541 2471 1658 2512 sunt,

1003 2535 1052 2558 ac
1075 2520 1157 2558 sibi
1189 2534 1410 2573 personam
1438 2528 1657 2572 aptavere,

1004 2575 1142 2615 adhuc
1153 2577 1359 2615 falluntur
1372 2575 1393 2613 ἱ)
1416 2573 1532 2627 Quid
1545 2573 1661 2628 quod.

1003 2633 1205 2672 nonnulli
1263 2631 1400 2684 capite
1452 2630 1658 2669 libentius

1003 2698 1193 2738 careant,
1229 2702 1351 2742 quam
1380 2701 1584 2739 persona,
1620 2699 1658 2723 st

1002 2745 1099 2798 quis
1130 2744 1240 2783 hauc
1275 2744 1359 2782 illis
1390 2743 1550 2795 eripere
1583 2756 1656 2794 po-

1001 2800 1166 2840 stulet?
1233 2799 1380 2855 Neque
1415 2799 1527 2839 euim
1571 2797 1657 2837 cui·

1767 2730 1771 2751 l
