1778 3194
582 239 1149 272 PRAEFATIO,
1444 246 1604 279 CXXXV

127 339 303 382 terdum
320 348 469 382 tamen
485 339 619 380 nimis
636 338 873 380 manifesto
897 339 1079 391 vitiosa,
1118 339 1192 395 qui
1208 341 1322 384 meri
1337 350 1509 385 tantum
1534 359 1600 386 er,

128 423 249 451 rores
278 409 609 465 typothetarum
639 419 735 446 esse
762 406 1052 462 adparebant‚
1095 421 1294 464 quaeque
1323 425 1404 452 nec
1432 411 1597 453 Sola-

128 492 226 518 nus
266 484 460 527 notarat,
499 475 702 515 omittere
722 476 866 516 ¹satius
909 473 1042 527 duxi3
1083 482 1133 515 ut
1159 476 1331 529 quando
1362 478 1513 522 Junt.
1543 482 1593 523 in

125 543 242 586 Jov.
276 544 377 585 Tra
393 558 428 596 g.
461 558 494 583 c.
514 547 583 586 30.
610 542 750 581 habet,
768 544 949 595 πρίπῡδα
981 557 1061 598 pro
1089 545 1282 596 τρίποδα,
1316 549 1390 587 vel
1415 564 1511 590 cum
1540 551 1590 590 in

123 613 314 654 Abdic.
344 627 376 652 c.
398 616 465 655 23.
494 612 527 650 f.
563 607 716 649 eadem
745 609 928 651 ridicule
957 611 1140 651 exhibet
1168 613 1292 666 ἰατρῖς
1318 629 1396 669 pro
1424 618 1585 672 ἰατροῖς.

123 680 250 720 Alibi
274 677 368 726 όνος
396 693 472 734 pro
505 675 654 729 μόνος,
686 678 762 717 ubi
793 680 1081 719 manifestum
1112 686 1178 719 est
1208 697 1235 732 μ
1263 688 1436 723 tantum
1466 684 1586 725 inter

120 746 464 802 imprimendum
495 743 737 795 excidisse,
779 747 854 786 vel
885 748 962 787 ubi
991 745 1120 798 Hag.
1154 752 1191 790 2.
1223 748 1272 787 in
1316 747 1410 789 Bis
1452 751 1580 792 Ace.

124 829 159 854 c.
191 820 230 857 2.
260 811 460 866 θεσπότης
482 826 560 867 pro
584 811 802 864 δεσπότης,
837 821 882 854 et
913 815 971 855 ib.
997 819 1114 858 c.31.
1141 812 1370 867 τολμόντων
1389 831 1468 872 pro
1487 824 1583 860 τολ-

119 881 306 936 μώντων,
339 891 383 922 et
405 880 638 922 similibus.
698 879 795 920 Etsi
827 882 946 922 enim
973 897 1059 922 non
1094 897 1190 924 sum
1219 885 1267 925 in
1293 899 1444 926 eorum
1471 900 1583 926 sen-

117 952 254 991 tentia
271 981 281 1000 ,
313 949 387 1005 qui
406 948 521 988 nihil
540 948 744 987 utilitatis
770 962 827 988 ex
848 950 1108 990 collectione
1126 953 1402 994 'variantium
1425 955 1581 995 lectio-

116 1032 221 1058 num
242 1025 519 1073 exspectant,
551 1030 713 1070 eosque
734 1015 789 1055 ad
804 1019 1126 1071 praefationem
1147 1019 1322 1060 Luciani
1347 1036 1370 1061 a
1404 1036 1578 1063 summo

112 1085 338 1126 literatore
376 1084 423 1125 P.
455 1083 492 1124 B
509 1099 623 1124 urm
639 1097 782 1124 anno
799 1116 810 1136 ‚
851 1094 895 1125 et
920 1084 974 1125 ad
999 1089 1181 1140 praefat.
1208 1087 1389 1128 Monte
1404 1090 1578 1128 falco-

113 1155 228 1204 nii,
271 1168 401 1209 quam
429 1151 722 1192 bibliothecae
752 1151 1047 1193 Coislinianae
1072 1155 1324 1210 praemisit,
1357 1157 1576 1210 ablegare,

111 1237 241 1278 quam
260 1221 332 1260 hic
352 1221 490 1260 multa
513 1232 643 1273 super
663 1220 733 1259 his
753 1219 976 1275 disputare
995 1223 1134 1272 malo,
1167 1223 1272 1262 satis
1300 1222 1419 1263 enim
1445 1231 1579 1263 uter-

114 1302 197 1345 que
222 1302 370 1329 earum
395 1288 703 1327 necessitatem
731 1287 1082 1342 commendavit3
1112 1289 1293 1331 modum
1313 1298 1463 1329 tamen
1484 1290 1577 1330 ali-

114 1370 244 1411 quem
273 1356 440 1395 servari
466 1367 594 1411 posse
623 1357 671 1396 in
695 1354 752 1394 iis
781 1353 1010 1406 notandis,
1041 1359 1175 1411 probe
1210 1358 1440 1409 intelligo:
1471 1359 1574 1413 plus

111 1424 230 1463 enim
254 1436 310 1462 ex
335 1437 423 1462 uno
442 1423 621 1477 antiquo
652 1430 696 1462 et
717 1421 921 1462 adcurate
953 1424 1114 1479 scripto
1145 1424 1291 1465 codice
1323 1425 1379 1465 ad
1411 1439 1573 1466 emen-

109 1489 332 1531 dationem
347 1489 535 1530 auctoris
554 1488 699 1529 denuo
722 1488 883 1529 edendi
901 1491 1068 1544 profici,
1082 1507 1212 1546 quam
1227 1506 1283 1531 ex
1302 1491 1450 1532 decem
1470 1492 1571 1531 aliis

107 1557 279 1598 vitiosis
300 1560 394 1598 sive
407 1555 539 1598 Codd.
554 1557 648 1596 sive
673 1555 768 1596 edd.
789 1571 919 1596 nemo
940 1561 1178 1609 negaverit.
1210 1558 1405 1614 Cumque
1425 1557 1452 1598 S
1467 1559 1572 1598 ola·

108 1639 207 1667 nus
234 1627 331 1680 plus
354 1625 515 1665 millies
537 1622 817 1679 adscripserit
834 1625 865 1676 †
887 1624 918 1663 F
933 1626 961 1664 1.
984 1627 1059 1666 vel
1081 1628 1111 1677 -ξ-
1139 1626 1268 1668 Edd.
1291 1625 1336 1666 id
1360 1634 1426 1665 est
1453 1625 1570 1665 nihil

107 1702 276 1734 mutare
291 1693 592 1733 Florentinam
615 1693 688 1732 vel
709 1691 806 1732 edd.
821 1701 1000 1743 ceteras,
1015 1693 1091 1733 sed
1107 1709 1204 1735 cum
1224 1695 1402 1746 vulgata
1418 1694 1569 1733 lectio-

111 1777 166 1803 ne
188 1762 440 1811 convenire,
455 1760 568 1800 nihil
592 1773 701 1815 opus
720 1758 885 1799 credidi
902 1758 947 1798 id
964 1761 1126 1815 ubique
1145 1761 1320 1812 addere,
1337 1776 1394 1802 ex
1412 1762 1569 1801 varie-

110 1838 247 1872 tatum
277 1829 453 1869 silentio
486 1829 590 1869 satis
624 1827 792 1882 patebit
829 1825 926 1866 edd.
959 1829 1222 1869 consentire.
1294 1829 1385 1881 Qui
1414 1837 1567 1869 autem

108 1900 243 1938 etiam
272 1897 367 1936 sine
388 1894 586 1935 codicum
604 1909 685 1950 ope
707 1907 754 1933 se
780 1894 928 1934 omnia
947 1908 1102 1936 sanare
1124 1910 1254 1950 posse
1277 1896 1566 1948 contendunt,

107 1978 185 2004 sua
208 1965 408 2002 fruantur
427 1963 653 2001 felicitate.
738 1960 826 2000 tihi
855 1970 970 2001 certe
997 1963 1108 2002 mira
1135 1963 1346 2005 videntur
1372 1963 1484 2004 dicta
1512 1965 1565 2004 cl.

107 2029 442 2078 Heumanni,
467 2029 609 2083 quiin
628 2027 804 2068 Poecile
831 2029 999 2068 nimis
1029 2031 1311 2072 servilem
1343 2045 1567 2085 operam

105 2106 254 2148 vocat,
295 2111 361 2137 ex
392 2095 696 2137 codicibus
736 2095 1051 2148 corrigere3
1084 2096 1198 2150 quod
1224 2098 1280 2137 iis
1311 2098 1425 2136 nihil
1445 2106 1567 2152 'opus

104 2166 184 2215 sit,
219 2166 293 2205 ubi
315 2179 406 2204 rem
426 2163 606 2216 ingenio
624 2163 833 2218 perficere
858 2165 1014 2218 possis.
1073 2164 1130 2204 Et
1159 2172 1208 2204 ut
1235 2165 1365 2204 sacile
1393 2166 1566 2218 largiar,

106 2224 451 2285 ingeniosiorem
490 2244 585 2270 esse
614 2231 764 2280 illum,
799 2230 880 2296 [qui
909 2244 986 2271 sua
1014 2240 1170 2287 sponte
1201 2232 1376 2271 invenit
1406 2245 1569 2271 emen-

109 2300 354 2350 dationem,
398 2312 526 2352 quam
570 2299 643 2353 qui
673 2312 729 2337 ex
750 2298 874 2338 libris
905 2305 1077 2338 tantum
1110 2297 1311 2338 eamdem
1335 2296 1568 2340 describit3

106 2370 169 2409 ita
194 2376 342 2407 tamen
365 2366 474 2406 mihi
493 2367 704 2417 largietur
727 2365 943 2416 vicissim,
974 2365 1143 2418 ingenii
1165 2364 1343 2421 quidem
1367 2367 1569 2407 acumine

109 2448 237 2491 posse
261 2434 522 2485 excogitari,
546 2431 651 2488 quid
679 2441 830 2474 auctor
858 2432 1003 2473 dicere
1030 2433 1245 2488 potuerit,
1275 2447 1364 2473 non
1394 2448 1570 2490 semper

110 2501 215 2557 quid
233 2516 278 2541 re
299 2514 404 2541 vera
427 2498 613 2551 dixerit3
645 2501 720 2554 qui
744 2508 893 2541 tamen
914 2509 1115 2542 veterum
1147 2500 1306 2556 scripta
1330 2501 1570 2541 recudendi

111 2568 343 2622 primarius
370 2574 436 2606 est
467 2567 582 2606 finis.
648 2566 768 2618 Quin
802 2576 846 2608 et
873 2569 917 2608 in
941 2566 1075 2607 codd.
1105 2569 1216 2607 tales
1247 2581 1568 2622 saepenumero

114 2627 444 2674 emendationes
464 2635 665 2675 invenias
680 2667 690 2686 ,
722 2633 776 2674 de
796 2637 952 2690 quibus
981 2636 1056 2677 vel
1086 2635 1361 2677 acutissimus
1383 2634 1568 2677 criticus

113 2713 168 2741 ne
190 2700 365 2754 quidem
385 2702 617 2756 cogitasset
638 2716 859 2758 umquam.
