1778 3194
1387 238 1478 288 111,

15 258 19 291 1
632 252 935 289 Τιιιυα.

105 356 214 401 λοῖος
223 348 275 407 ¹¹)·
295 350 378 396 εἶτα
391 352 522 406 ἔμετος
534 350 598 395 ἐπὶ
610 348 776 400 τούτοις.
789 351 858 393 καὶ
877 349 920 393 τὸ
931 356 1163 405 τελευταῖον,
1174 349 1370 410 οἶρᾶμενοί
1378 370 1484 405 τινες
1496 371 1532 406 p.
1551 372 1625 408 1722

106 420 348 477 ἐκφέρουσιν
360 417 485 464 αὐτὸν
496 422 540 464 ἐκ
559 423 633 462 τοῦ
653 421 877 473 συμποσίου
890 421 960 473 τῆς
980 415 1219 477 αὐλητρίδος
1239 419 1484 476 ἆμφοτὲραις

103 488 386 544 ἐπειλημμένον
400 503 410 512 ·
440 487 543 542 πλὴν
563 485 660 530 ἆλλᾶ
687 488 755 529 καὶ
775 485 924 541 νήφων
956 486 1095 531 οὐδενὶ
1119 493 1199 530 τῶν
1217 494 1422 544 πρωτείων
1441 489 1483 547 i)

101 556 429 615 παραχωρήσειεν
446 557 497 600 ἂν
515 554 746 611 ψεύσματος
761 557 880 599 ἕνεκα
893 551 946 610 k)
959 590 970 608 ‚
1001 554 1032 609 ἢ
1048 551 1313 611 θρασύτητος,
1342 557 1372 613 ἦ
1394 565 1486 612 φιλ-

102 628 310 681 αργυρίας.
341 623 436 668 ἄλλά
457 626 526 668 καὶ
541 622 726 666 κολάκων
745 624 827 666 ἐστὶ
847 621 896 665 τοὶ
915 629 1073 680 πρῶτα,
1101 628 1169 667 καὶ
1187 626 1366 680 ἐπιορκεῖ
1381 645 1482 683 προ-

98 694 318 749 χειρότατα,
347 696 417 736 καὶ
431 690 460 747 ἦ
481 694 644 748 γοητεία
663 698 910 747 προηγεῖται,
939 694 1008 734 καὶ
1026 689 1052 745 ἡ
1074 689 1334 747 ἀναισχυντία
1353 713 1481 753 παρο-

100 769 244 818 μαρτεῖ
259 759 296 820 ¹)
309 777 319 787 ·
350 763 419 805 καὶ
439 759 554 813 ὅλως,
575 757 789 813 πάνσοφον
807 758 853 802 τὸ
874 763 934 812 ¹¹¹)
961 765 1106 817 χρῆμα,
1137 763 1205 803 καὶ
1225 762 1483 818 πανταχόθεν

100 825 279 883 ἀκριβὲς,
317 831 385 872 καὶ
413 833 603 879 ποικίλως
629 829 801 877 ἐντελές·
840 826 1048 882 οἰμώξεται
1077 835 1294 886 τοιγαροῦν
1322 829 1398 874 οὐκ
1426 834 1483 881 εἷς

96 897 255 953 μακρὰν
282 895 452 954 χρηστός
483 895 550 941 ὤν.
615 900 665 940 Τί
695 902 838 950 τοῦτος
867 898 1022 950 παπαὶ,
1050 896 1214 954 χρόνιος
1242 895 1342 953 ἡμῖν
1376 904 1482 956 Θρα-

95 970 254 1020 συκλῆς.

213 1036 376 1075 ΘΡΛΣ.
421 1032 483 1076 Οὖ
515 1030 614 1077 κατὰ
645 1029 771 1075 ταῦτά
784 1066 795 1083 ,
827 1026 862 1074 ὦ
886 1035 1044 1087 Τίμων,
1074 1039 1160 1083 τοῖς
1189 1039 1356 1086 πολλοῖς
1386 1034 1480 1079 zmi-
1509 1047 1564 1088 56

93 1118 177 1150 τοις
195 1099 390 1156 ἀφῖγμαι,
413 1100 542 1158 ὥςπερ
566 1105 606 1145 οἳ
623 1105 669 1150 ¹¹)
685 1099 754 1143 τὸν
773 1101 952 1143 πλοῦτόν
971 1116 1046 1143 σου
1069 1103 1118 1157 ⁰)
1138 1101 1378 1157 τεθηπότες,
1409 1104 1482 1161 ἆρ-

91 1171 260 1226 γυρίου,
289 1170 358 1210 καὶ
373 1173 539 1224 χρυσίου
551 1203 563 1222 ,
595 1171 663 1212 καὶ
679 1172 852 1211 δείπνων
869 1175 1092 1212 πολυτελῶν
1110 1172 1240 1214 ἐλπίδι
1262 1177 1480 1229 συνδεδρα-
1493 1189 1530 1223 p-
1548 1189 1622 1224 ¹1²3-

96 1235 282 1292 μήκασιῖ)
298 1238 340 1290 ),
372 1236 527 1290 πολλὴν
553 1236 627 1291 τὴν
656 1239 868 1279 κολακείαν
893 1237 1184 1290 ἐπιδειξόμενοι
1205 1242 1254 1293 q)
1284 1240 1389 1297 πρὸς
1409 1242 1479 1285 ἄν-

141 1330 193 1374 h)
218 1331 434 1374 γελοῖος]
468 1329 616 1372 γελοίως
643 1328 741 1370 coni.
768 1331 924 1371 Herum,
960 1341 1073 1374 quam
1104 1332 1218 1364 Schm.
1248 1334 1407 1378 recepit,
1444 1341 1481 1368 et

190 1376 404 1409 confirmari
416 1375 531 1408 videri
543 1375 634 1408 dicit
646 1375 729 1407 cod.
741 1375 834 1419 Aug.
860 1375 943 1411 Vid.
954 1376 1090 1411 Adnot.
1139 1378 1176 1421 i)
1202 1390 1229 1411 π
1240 1392 1259 1422 ρ
1272 1393 1300 1413 ω
1312 1393 1331 1414 τ
1342 1392 1357 1414 ε
1368 1382 1381 1415 ί
1391 1394 1417 1415 ω
1429 1395 1449 1415 v

184 1424 233 1456 In
252 1422 437 1467 plerisque
457 1427 545 1455 vett.
556 1420 843 1465 eddamonz'mv.
879 1421 920 1464 k)
947 1420 993 1456 ἕν
1006 1429 1108 1463 sna]
1132 1422 1253 1458 ἕνεκεν
1264 1429 1356 1470 Aug.
1372 1442 1375 1452 =
1392 1429 1426 1469 1)
1453 1441 1479 1471 η

187 1468 388 1512 γοητεία
409 1485 456 1492 -
479 1479 568 1509 παρ
581 1478 703 1511 ομαρ
716 1467 811 1513 τεῖ]
845 1467 992 1500 inverso
1011 1470 1161 1503 ordine:
1198 1467 1221 1514 ἦ
1240 1474 1390 1515 γοητεία
1409 1487 1479 1507 πα-

184 1517 378 1559 ρομαρτεῖ,
403 1512 465 1547 καὶ
484 1509 507 1557 ἦ
530 1508 771 1556 ἀναισχυντία
790 1517 1008 1557 προηγεῖται
1030 1515 1112 1548 cod.
1135 1522 1234 1559 1428.
1257 1519 1379 1561 quod,
1402 1522 1478 1551 Be-

183 1562 256 1595 lino
285 1561 505 1604 probatum,
537 1559 679 1613 recepit
699 1560 872 1591 Schmied.
929 1560 1071 1604 Quidni
1092 1571 1179 1595 vero
1202 1565 1324 1606 potius
1345 1564 1418 1597 sic:
1455 1562 1478 1609 ἦ

185 1603 327 1650 ἄναισχ.
347 1618 478 1650 προηγ.
497 1604 560 1639 καὶ
586 1618 609 1649 η
637 1617 741 1649 γοητ.
758 1617 896 1650 παρομ.
909 1606 931 1638 ἒ·
978 1606 1050 1639 Sed
1070 1607 1137 1640 hae
1156 1619 1279 1641 merae
1295 1611 1475 1653 argutiae.

184 1653 337 1697 Optime
365 1652 464 1685 enim
488 1651 606 1695 praeit
623 1652 737 1684 talem
763 1651 1039 1696 philosophiam
1059 1653 1278 1697 glaucoma,
1306 1663 1343 1688 et
1362 1658 1479 1689 comi-

181 1704 283 1732 tatur
299 1697 541 1742 impudentia.

605 1699 668 1741 m)
694 1693 771 1742 τὸ]
797 1711 832 1732 τι
852 1699 950 1739 conj.
974 1699 1077 1731 fabr.

1147 1701 1195 1741 n)
1223 1697 1377 1745 ὥςπερ
1403 1701 1474 1748 οἳ]

183 1741 301 1788 ὥςπερ
322 1744 358 1778 οὶ
383 1744 508 1787 vuigo.
555 1744 783 1775 Abrcschium
810 1744 1069 1777 emendantem
1093 1743 1130 1779 οἳ
1149 1753 1296 1780 secutus
1316 1750 1475 1780 Sclzmie-

181 1792 294 1824 clerus.

180 1847 238 1868 res
253 1847 322 1870 σοι.

345 1791 391 1834 o)
419 1790 528 1832 σου]
554 1789 611 1822 Ita
629 1791 764 1821 Ile-mr.
787 1796 823 1822 et
842 1791 953 1822 Schm.
975 1802 992 1822 e
1007 1792 1044 1823 Ρ.
1071 1791 1105 1825 S.
1127 1794 1167 1824 A.
1189 1798 1225 1824 et
1243 1793 1285 1828 B.
1308 1806 1338 1827 2.
1368 1795 1475 1827 Prio-

371 1837 416 1879 p)
444 1833 896 1879 συνδεδραμήκασι]
923 1835 1270 1882 συνδεδραμήκεσαν
1288 1840 1382 1886 Aug.
1432 1842 1472 1887 q)

181 1879 490 1925 ἐπιδειξόμεν
502 1893 520 1916 ο
533 1885 574 1923 ι]
607 1879 879 1925 ἐπιδειξάμενοι
899 1884 984 1927 Arg.

87 1983 226 2014 sumto
271 1975 316 2012 in
367 1987 536 2012 manum
594 1973 747 2023 calice,

86 2034 246 2069 multos
293 2043 510 2069 sermones
541 2029 748 2068 funditat.

85 2089 197 2126 Tum
244 2087 463 2126 enimvero
507 2085 558 2124 de
589 2085 749 2124 sobrie-

86 2153 174 2182 tate
193 2152 235 2182 et
256 2142 464 2181 modestia
491 2141 593 2195 agit,
617 2141 749 2194 idque

84 2203 168 2254 jam
190 2199 294 2238 vino
316 2199 406 2236 fere
427 2197 670 2250 depositus,
706 2208 749 2236 et

83 2255 266 2294 ridicule
309 2253 577 2293 balbutiens:
648 2263 748 2307 post

82 2310 188 2349 haec
246 2311 395 2349 vomit.
472 2309 540 2348 Ad
584 2321 748 2362 postre-

83 2382 195 2405 mum
229 2379 251 2405 e
283 2366 474 2404 triclinio
505 2381 527 2404 a
560 2369 746 2405 nonnul-

81 2422 136 2462 lis
163 2422 361 2469 effertur,
401 2421 622 2460 tibicinam
654 2437 746 2460 am-

80 2478 210 2517 babus
223 2479 410 2517 retinens
426 2477 635 2515 manibus.
665 2479 744 2517 Ce-

81 2543 216 2572 terum
237 2538 364 2572 etiam
385 2548 479 2571 curn
502 2534 639 2571 siccus
662 2544 739 2584 est,

83 2591 246 2628 nemini
273 2589 441 2628 homini
470 2592 650 2641 palmam
674 2594 743 2629 vel

81 2645 307 2696 mendacii,
339 2648 408 2685 vel
426 2644 642 2695 audaciae,
673 2649 741 2684 vel

83 2701 287 2741 avaritiae
329 2701 612 2749 concesserit3
667 2701 740 2740 sed

82 2766 390 2798 assentatorum
440 2761 569 2811 longe
618 2758 741 2810 prin-

79 2825 179 2867 ceps
209 2823 294 2865 est,
334 2823 379 2855 et
424 2816 613 2868 pejerare
652 2828 739 2856 non

810 1984 1061 2014 cunctatur:
1100 1976 1221 2014 illum
1247 1977 1290 2014 in
1313 1978 1470 2030 quovis

809 2031 986 2084 negotio
1010 2033 1147 2070 anteit
1169 2033 1351 2082 fallacia,
1375 2036 1471 2086 jux..

809 2095 851 2124 ta
897 2096 1036 2125 autem
1092 2088 1289 2140 sequitur
1335 2090 1472 2142 impu·

809 2141 975 2181 dentia:
1010 2142 1193 2197 denique
1222 2143 1349 2183 homo
1380 2149 1469 2198 pla-

807 2212 861 2237 ne
893 2199 1080 2251 sapiens,
1115 2209 1157 2238 et
1188 2199 1469 2254 undiquaque

809 2265 1123 2294 consummatus
1153 2266 1239 2306 est,
1283 2267 1326 2296 et
1353 2259 1471 2296 varia

809 2311 990 2364 quadam
1040 2313 1310 2364 perfectione
1349 2328 1470 2366 prae-

806 2377 934 2406 stans.
969 2367 1109 2421 Quare
1132 2367 1240 2407 dabo
1271 2383 1467 2421 operam,

803 2433 853 2461 ut
887 2433 970 2461 tam
1006 2424 1144 2462 bonus
1175 2425 1242 2462 vir
1270 2428 1352 2477 jam
1384 2428 1468 2478 jam

804 2481 967 2518 auferat
990 2479 1091 2518 hinc
1105 2479 1470 2534 grandeinfortu-

802 2536 934 2573 nium.
996 2535 1113 2589 Quid
1144 2536 1261 2575 hoc?
1303 2539 1463 2590 papae!

800 2591 963 2629 tamdiu
985 2602 1062 2641 est,
1097 2607 1190 2630 cum
1212 2593 1360 2632 venire
1382 2593 1465 2633 dis-

799 2648 901 2686 tulit
927 2648 1213 2700 Thrasycles?

861 2704 1009 2744 leras.
1052 2704 1150 2742 Alia
1169 2718 1236 2744 me
1262 2718 1386 2744 causa
1411 2704 1464 2744 ad

798 2767 840 2797 te
890 2764 947 2799 ut'
990 2761 1180 2800 venirem
1228 2763 1459 2814 compulit,

799 2828 923 2869 quam
947 2830 1055 2873 quae
1075 2816 1155 2858 hos
1182 2831 1352 2869 omnes,
1384 2818 1460 2873 qui
