1778 3194
18 992 30 998 ,
67 957 217 996 ραννος
232 938 521 994 ἐπιβουλεύσας
540 938 766 993 ἀφελέσθαι
792 934 946 982 δύναιτ’
979 938 1043 981 ἄν.

615 227 911 258 TlmoN.
1391 215 1454 262 95

77 331 192 382 μῖσος
207 326 431 383 ἐπεγείρας,
450 326 517 368 καὶ
531 322 761 380 ἡδυπαθείᾳ
779 324 1025 380 διαφθείρας
1039 325 1109 381 ¹¹),
1140 326 1207 367 καὶ
1226 324 1456 379 ἐπίφθονον
1471 350 1506 384 p,
1525 346 1599 384 ¹43·

76 392 313 449 ἀποφήνας·
353 397 462 445 τέλος
483 396 543 446 δὲ,
575 392 694 447 ἄφνω
722 393 951 436 καταλιπών
972 391 1099 443 οὕτως
1120 395 1166 446 ⁰)
1198 391 1374 445 ἀπίστως
1391 397 1458 438 καὶ

74 466 335 519 προδοτικῶς.
383 461 411 517 ἦ
443 464 620 518 βελτίστη
642 463 683 504 δὲ
705 465 855 514 Πενία,
887 460 1030 511 πόνοις
1046 479 1092 515 με
1111 467 1195 510 τοῖς
1216 458 1460 519 ἀνδρικωτά-

73 549 158 582 τοις
176 530 534 587 καταγυμνάσασα,
562 531 630 572 καὶ
648 527 733 585 μετ’
758 526 951 584 αληθείας
981 530 1049 572 καὶ
1068 530 1296 583 παρρησίας
1314 548 1460 587 προςο-

72 605 265 655 μιλοῦσα,
305 617 395 642 τατε
427 595 627 654 ἀναγκαῖα
657 593 852 652 καμνοντί
875 604 1065 652 παρεῖχε,
1096 598 1164 639 καὶ
1192 602 1273 640 τῶν
1299 604 1460 642 πολλῶν

72 669 235 710 ἐκείνων
256 673 522 722 καταφρονεῖν
541 668 746 709 ἐπαίδευεν
765 668 838 720 Ι’),
871 669 911 718 ἐξ
940 664 1065 708 αὐτοῦ
1089 667 1193 718 ἒμου
1209 664 1280 715 τὰς
1299 668 1460 717 ἐλπίδας

72 730 332 790 ἀναρτήσασα
353 736 398 788 q)
429 752 497 788 μοι
527 740 600 777 τοῦ
627 737 743 789 βίου,
773 736 841 777 καὶ
862 737 1020 786 δείξασα
1041 732 1145 783 ὅςτις
1164 729 1218 787 ἧν
1242 730 1265 776 ὅ
1287 739 1460 785 πλοῦτος

71 801 93 846 ὅ
113 802 219 857 ἒμός,
251 802 299 846 ὃν
319 801 412 846 οὔτε
430 803 552 854 κόλαξ
573 801 790 855 θωπεύων,
825 802 915 846 οὔτε
936 801 1197 856 συκοφάντης
1216 806 1374 857 φοβῶν,
1405 801 1505 851 οὖΡ.
1526 817 1600 850 149·

68 873 195 924 δῆμος
215 872 510 926 παροξυνθεὶς,
543 869 620 913 οὐκ
650 871 936 925 ἐκκλησιαστὴς
962 869 1292 925 ψηφοφορήσας,
1324 866 1372 912 οὗ
1391 868 1456 912 τύ-

1095 933 1360 992 Ἐῤῥωμένος
1377 955 1459 981 τοι-
1483 948 1540 988 37

64 1011 217 1063 γαροῦν
245 1004 328 1050 ’ὖπὸ
357 1011 440 1049 ταῖν
467 1005 630 1060 πόνων,
662 1009 820 1051 τουτονὶ
850 1005 923 1050 τὸν
946 1004 1075 1064 ἆγρὸν
1095 1004 1330 1061 φιλοπόνως
1348 1008 1462 1063 ἐπερ-

63 1075 303 1132 γαζόμενος,
336 1071 456 1117 οὐδὲν
484 1072 591 1130 ορῶν
618 1080 698 1118 τῶν
730 1078 774 1119 ἐν
793 1091 903 1118 αστε·
930 1093 1093 1128 κακων,
1123 1073 1243 1118 ἷκανα
1264 1076 1331 1117 καὶ
1349 1078 1461 1131 διαρ-

90 1145 218 1197 ⁷2²⁷)
205 1145 279 1198 ε’χω
315 1139 365 1184 τὰ
390 1141 539 1197 α’λφιτα
567 1161 677 1197 παρα
714 1150 786 1199 τῆς
815 1145 1005 1198 δικέλλης.
1063 1142 1158 1193 ω’ςτε
1182 1145 1457 1209 παλίνδρομος

63 1209 207 1262 ἔπιθι,
247 1211 278 1252 ὦ
305 1207 468 1265 Ἑρμῆ,
508 1209 581 1254 τὸν
609 1218 800 1256 Πλοῦτον
831 1209 1050 1267 απαγαγών
1077 1230 1132 1253 τω
1162 1216 1243 1254 Διῒ.
1292 1213 1384 1265 ἐμοὶ
1413 1211 1458 1254 δὲ

63 1283 182 1321 τοῦτο
222 1276 365 1320 ἱκανὸν
402 1272 455 1332 ἦν
475 1279 540 1335 ⁵),
600 1278 757 1330 πάντας
793 1277 1042 1335 ανθρώπους
1077 1277 1234 1334 ἡβηδὸν
1271 1278 1455 1334 οἰμώζειν

63 1361 244 1400 ποιησαι

109 1432 154 1466 n)
181 1425 507 1472 διαφθείρας]
536 1426 598 1460 Sic
630 1426 714 1460 dedi
741 1437 784 1459 ex
809 1427 904 1472 Aug.
931 1427 1039 1463 Gorl.
1059 1438 1186 1483 marg.
1215 1427 1258 1460 A.
1286 1438 1317 1461 1.
1339 1426 1399 1460 W.
1417 1427 1452 1463 J.

155 1473 198 1505 A
220 1485 252 1506 2.
276 1474 364 1518 Arg.
413 1474 458 1505 In
480 1472 609 1505 ceteris
628 1485 721 1506 κατα
755 1474 897 1516 θείρας.
948 1475 996 1515 0)
1022 1471 1192 1516 οὕτως]
1222 1485 1332 1513 ουτος
1352 1474 1452 1514 conj.

156 1520 293 1552 Hemst.
341 1517 388 1563 p)
416 1516 694 1571 ἐπαίδευεν]
740 1520 937 1554 παίδευσεν
958 1519 1067 1552 Gorl.
1116 1521 1162 1564 q)
1191 1514 1452 1562 ἀναρτήσα-

155 1565 240 1608 σα]
274 1562 337 1597 Sic
364 1574 384 1596 e
416 1566 512 1606 conj.
542 1567 695 1609 Lennep.
728 1564 833 1598 Phal.
864 1566 934 1610 Ep.
963 1576 1000 1608 p.
1025 1565 1101 1609 169.
1131 1564 1450 1609 probabilissima.

155 1611 214 1644 Cf.
236 1611 269 1654 §.
289 1622 323 1654 5.
343 1621 417 1655 quo
436 1616 472 1642 et
489 1611 571 1655 ipso
600 1610 686 1644 loco
718 1611 833 1644 simili
865 1612 1012 1644 ratione
1042 1610 1130 1644 libri
1156 1611 1316 1645 variant.
1365 1610 1450 1644 Vid.

153 1663 191 1690 et
207 1655 355 1689 Domi-ll
374 1656 421 1689 ad
442 1657 544 1736 Clzsar.
565 1668 601 1701 p.
621 1668 701 1702 407.
760 1659 802 1700 r)
830 1657 1034 1703 διαρκῆ]
1061 1652 1228 1701 αὐτάρκη
1251 1659 1345 1703 Aug.
1407 1659 1448 1698 s)

153 1698 326 1783 ἱιὲιανὸν
362 1696 442 1747 ἦν]
477 1702 541 1736 Sic
578 1702 618 1735 in
658 1703 851 1748 omnibus,
893 1710 930 1737 et
960 1714 1053 1749 quae
1083 1709 1304 1749 sequuntur.
1362 1701 1450 1737 vid.

149 1750 181 1783 A
208 1753 294 1782 nott

62 1849 180 1889 tans,
227 1839 393 1879 deliciis
424 1854 719 1894 corrumpens,

63 1906 105 1935 et
124 1895 255 1935 livori
289 1895 521 1948 objiciens;
556 1897 607 1934 ad
640 1912 724 1949 po—

62 1962 261 1991 stremum
313 1966 379 1990 me
430 1963 602 2004 repente
649 1967 724 2006 per

61 2022 261 2046 summam
289 2006 524 2060 perfidiam,
557 2018 605 2046 ut
626 2023 724 2061 pro-

62 2063 202 2104 ditore
239 2063 414 2119 dignum
445 2074 557 2115 erat,
601 2064 724 2104 dese-

59 2135 169 2160 rens.
202 2119 365 2160 Contra
389 2129 528 2159 autem
560 2121 722 2174 optima

59 2177 315 2229 Paupertas,
348 2176 495 2216 labore
523 2191 724 2230 perquam

60 2233 178 2273 virili
199 2247 264 2272 me
293 2247 515 2282 exercenS,
559 2248 605 2272 ac
636 2249 727 2273 me·

62 2303 157 2327 eum
197 2298 405 2341 perpetuo
459 2303 585 2343 agens
630 2305 725 2329 cum

59 2345 315 2393 veracitate,
348 2353 391 2383 et
416 2345 639 2385 Libertate
663 2345 726 2384 di-

2 2401 6 2416 ³
61 2400 210 2450 cendi,
245 2414 353 2453 quae
384 2409 547 2454 tempus
575 2412 722 2454 postu-

59 2457 184 2506 lavit,
217 2471 265 2495 ea
284 2455 390 2494 mihi
423 2471 529 2510 opus
561 2458 721 2497 facien-

4 2514 8 2523 '
61 2514 97 2551 ti
121 2511 332 2566 praebuit,
365 2522 408 2552 et
441 2522 507 2552 tot
543 2514 635 2552 illas
656 2529 719 2554 res

62 2568 277 2622 (vulgaria
290 2568 397 2624 ista)
411 2568 626 2622 despicere
646 2570 721 2609 do—

5 2625 10 2630 ’
62 2625 164 2673 cuit,
186 2623 385 2674 efficiens,
408 2634 456 2663 ut
473 2640 722 2679 omnesspes

7 2707 9 2719 2
60 2679 175 2719 vitae
193 2679 238 2718 in
260 2691 412 2720 memet
432 2682 538 2721 sitae
557 2691 718 2731 essent;

8 2733 11 2782 ἶ
61 2735 286 2775 ostendens
315 2747 552 2789 praeterea,

8 2834 9 2838 ,
60 2805 155 2831 nam
187 2790 365 2833 divitiae
401 2808 516 2834 meae
541 2795 716 2847 forent,

596 2751 720 2791 quae-

784 1856 887 1896 quas
922 1856 1062 1896 neque
1097 1841 1262 1895 eripere
1304 1848 1450 1894 posset

783 1908 1018 1938 assentator
1057 1902 1260 1951 palpans,
1310 1910 1449 1951 neque

782 1953 1049 2007 sycophanta
1092 1963 1232 1992 autem
1261 1968 1327 1993 me
1365 1963 1448 1991 ter-

781 2024 901 2059 rens,
942 2022 1030 2049 non
1058 2010 1243 2062 populus
1273 2022 1448 2061 exaspe-

780 2075 910 2116 ratus,
944 2079 1033 2104 non
1060 2065 1242 2120 quilibet
1273 2065 1320 2103 in
1344 2078 1448 2103 con..

784 2123 908 2162 cione
925 2121 1176 2176 suffragium
1189 2121 1343 2171 ferens,
1357 2134 1448 2160 non

785 2177 969 2232 denique
1016 2188 1224 2232 tyrannus
1266 2175 1447 2216 insidias

784 2245 961 2278 struens
1012 2234 1155 2273 Aucto
1188 2234 1336 2287 itaque
1370 2246 1446 2285 per

783 2291 970 2331 laborem
991 2290 1155 2340 robore,
1170 2304 1315 2345 agrum
1328 2289 1446 2327 hunc

786 2347 997 2386 industrie
1018 2350 1186 2396 colens,
1227 2345 1343 2384 nihil
1369 2345 1447 2385 vi·-

781 2403 883 2444 dens
907 2407 1110 2442 malorum
1133 2416 1302 2452 eorum,
1336 2414 1446 2456 quae

780 2469 845 2498 tot
865 2460 910 2497 in
936 2460 1040 2499 urbe
1074 2467 1318 2507 occurrunt,
1349 2457 1447 2496 suf-

780 2516 991 2555 ficientem
1036 2530 1082 2554 ac
1120 2528 1347 2567 perennem
1380 2513 1447 2554 vi·

779 2582 893 2610 ctum
914 2573 1041 2625 hujus
1072 2570 1232 2634 ligonis
1255 2584 1336 2622 ope
1365 2568 1444 2608 mi-

780 2628 825 2666 hi
846 2643 962 2680 paro.
1002 2628 1142 2680 Quare
1154 2626 1364 2665 itertuum
1379 2641 1443 2665 re·

776 2687 921 2738 legens
944 2684 1074 2732 abito,
1100 2682 1308 2733 Mercuri,
1340 2683 1442 2721 Plu·

778 2748 867 2778 tum
881 2739 932 2778 ad
945 2741 1094 2780 Jovem
1108 2737 1342 2777 abducens:
1362 2737 1441 2776 mi-

776 2794 824 2835 hi
843 2806 981 2836 autem
1000 2804 1063 2835 sat
1080 2794 1173 2847 e1it,
1189 2808 1332 2836 omnes
1352 2807 1440 2834 om-
