1778 3194
519 258 1086 295 PRAEFATIO.
1381 263 1552 299 CXXVI!

83 366 256 423 praeIO,
292 362 489 406 nondum
506 361 791 404 *inveniretur
813 356 1042 413 quisquam
1057 389 1068 410 ,
1092 348 1161 399 ςῖιὶ
1183 372 1264 414 per
1284 360 1392 401 alias
1415 377 1552 406 occu·-

82 435 287 490 pationes
304 434 483 483 liceret,
517 438 592 472 aut
611 428 686 484 qui
712 429 848 468 telam
875 428 927 466 ab
960 434 1083 466 tanto
1114 427 1301 490 artifice,
1338 434 1552 485 (quantus

83 517 131 543 re
157 516 261 542 vera
293 509 360 541 est
377 496 717 550 Hemsterhusius)
751 509 952 536 exorsam
987 492 1305 547 detexendam,
1336 495 1469 553 idque
1493 514 1551 540 ne

86 583 292 612 concesso
323 567 499 624 quidem
523 564 576 604 ad
604 562 954 620 praeparandum
986 563 1149 616 spatiO,
1183 566 1377 617 recipere
1408 565 1554 607 aude-

84 646 172 688 ret,
205 640 366 677 famam
386 634 626 682 reveritus,
659 646 714 671 ne
740 631 915 681 Atlanti
936 630 1005 669 illi
1024 630 1160 683 priori
1183 632 1349 685 impar,
1379 643 1555 679 tantum.

87 720 198 746 onus
221 705 367 745 minus
388 702 524 742 firmis
547 701 745 740 humeris
768 699 998 738 sustulisse
1028 696 1266 749 diceretur3
1299 699 1408 740 adeo
1433 706 1554 746 enim

86 771 290 813 adcurate
315 779 443 824 atque
466 766 638 808 erudite
661 767 976 805 Hemsterlzusius
1000 766 1284 820 pertractavit
1302 772 1472 821 omnia,
1504 781 1554 812 ut

86 840 201 880 nihil
226 836 572 886 desideraretur,
603 836 641 874 si
671 837 712 876 ei
745 848 854 891 opus
883 834 939 874 ad
971 835 1104 873 finem
1130 833 1370 888 perducere
1396 839 1555 880 licuis-

86 917 176 958 set,
208 914 282 946 aut
303 902 524 953 libuisset,
562 917 693 957 quem
716 917 795 956 ego
818 900 1007 943 Zeuxidi
1033 902 1191 956 pictori
1217 916 1444 958 comparo,
1477 910 1555 963 qui

86 984 198 1016 teste
230 972 530 1014 Plutarcho
570 972 618 1010 in
651 976 851 1023 Πολυφιλ.
882 969 934 1011 Τ.
968 968 1028 1009 ΙΙ.
1066 984 1109 1024 p.
1144 983 1202 1010 m.
1235 975 1302 1013 94.
1339 974 1554 1028 culpatus,

84 1040 203 1098 quod
235 1039 358 1080 tarde
388 1040 612 1094 pingeret,
653 1037 904 1094 respondit,
943 1038 1043 1094 quia
1076 1038 1125 1077 in
1156 1039 1345 1079 multum
1378 1049 1554 1097 tempus

84 1123 136 1150 ea
154 1110 292 1150 veltet
312 1106 491 1147 durare:
515 1106 696 1147 tandem
714 1107 804 1146 itur
825 1105 879 1145 ad
901 1119 987 1157 me,
1022 1107 1091 1145 cui
1111 1108 1184 1145 vel
1203 1108 1411 1157 justiores
1431 1118 1557 1150 erant

84 1175 357 1217 detrectandi
379 1188 579 1224 caussae,
611 1189 742 1230 quam
761 1175 882 1225 aliis,
915 1175 951 1213 si
975 1177 1097 1215 enim
1129 1176 1439 1229 occupationes
1461 1191 1557 1233 spe-

85 1255 197 1295 cteS,
230 1257 358 1283 namo
378 1242 434 1281 iis
455 1255 524 1280 me
546 1243 684 1293 magis
707 1251 772 1282 est
804 1244 1007 1291 obrutus;
1039 1242 1077 1281 si
1099 1242 1216 1283 ¹vires
1233 1272 1243 1290 ‚
1276 1242 1323 1283 id
1358 1253 1446 1295 est,
1477 1247 1554 1287 in-

85 1311 206 1364 genii
225 1311 472 1358 facultates,
509 1308 820 1364 doctrinaeque
845 1308 1123 1362 adparatum,
1155 1308 1210 1349 ad
1234 1310 1428 1364 priorem
1450 1312 1555 1354 edi-

85 1389 228 1420 torem
259 1377 499 1431 composita
533 1376 804 1426 consideres,
836 1390 965 1415 nemo
991 1377 1190 1426 illorum,
1224 1390 1331 1430 quos
1367 1380 1421 1418 ad
1444 1384 1556 1423 sub-

85 1447 252 1488 eundas
270 1446 350 1484 has
375 1448 495 1486 vices
517 1446 758 1485 solicitatos
782 1444 893 1493 scio,
924 1456 995 1482 me
1029 1450 1121 1482 erat
1151 1444 1388 1498 infirmior3
1420 1462 1555 1503 quare

85 1525 131 1557 et
162 1528 241 1566 ego
273 1514 593 1565 tergiversabar
626 1513 780 1561 initio,
821 1520 1050 1565 utramque
1090 1511 1219 1551 istam
1255 1516 1556 1556 excusationis

87 1595 283 1625 caussam
304 1582 418 1621 serio
439 1589 724 1636 praetexens,
757 1593 836 1619 nec
859 1586 1085 1633 praeterea
1116 1579 1288 1618 lubenti
1323 1583 1471 1623 animo
1501 1582 1556 1623 ad

86 1665 196 1709 opus
222 1647 442 1690 edendum
465 1646 800 1698 accessurus,ad
826 1646 941 1702 quod
966 1646 1080 1686 nihil
1096 1648 1189 1686 fere
1210 1653 1456 1703 praeparati
1478 1652 1555 1691 ha-

81 1723 255 1769 berem,
288 1715 490 1771 quodque
513 1729 613 1756 meo
646 1717 829 1755 consilio
848 1716 894 1755 in
913 1716 1059 1755 lucem
1092 1716 1294 1756 emittere
1316 1733 1555 1772 numquam

85 1787 390 1829 destinassem.
452 1784 541 1825 Sed
570 1797 667 1824 mea
700 1797 769 1823 me
791 1784 899 1822 vicit
922 1783 1019 1822 aliis
1041 1785 1310 1838 obsequendi
1335 1787 1471 1826 nimia
1491 1788 1556 1826 sa-

88 1856 245 1903 cilitaS,
278 1859 321 1891 et
341 1852 504 1903 gloriae
529 1851 765 1891 contemtio
790 1852 935 1889 minus
957 1851 1009 1890 de
1033 1866 1233 1892 successu
1261 1854 1444 1905 solicita,
1477 1868 1558 1894 sa·-

86 1923 232 1976 tisque
252 1922 341 1971 jam
362 1933 385 1958 a
408 1919 661 1972 bibliopolis
680 1926 977 1972 comparatum
1001 1918 1154 1960 adesse
1176 1920 1471 1961 subsidiorum
1490 1922 1557 1960 vi-

92 1989 249 2029 debam
263 2019 273 2037 ‚
297 2000 353 2026 ex
375 1987 531 2040 quibus
552 1987 599 2026 in
624 1985 823 2025 ordinem
840 1985 1026 2025 redactis
1047 1987 1168 2027 haud
1188 1988 1302 2027 levis
1321 1988 1447 2028 fieret
1466 2003 1557 2028 no—

89 2069 245 2097 varum
270 2053 690 2094 commentationum
722 2061 766 2092 et
796 2052 1157 2095 emendationum
1192 2056 1408 2106 accessio,
1441 2070 1556 2110 quae

87 2128 201 2165 hanc
226 2121 468 2163 editionem
489 2123 709 2175 prioribus
734 2122 935 2161 omnibus
960 2120 1163 2162 redderet
1185 2122 1440 2172 meliorem,
1472 2123 1558 2163 etsi

91 2205 169 2243 ego
193 2191 379 2230 verbum
407 2188 460 2228 de
490 2202 589 2228 meo
635 2187 898 2228 addidissem
934 2189 1115 2228 nullum.
1187 2187 1383 2244 Cumque
1414 2205 1556 2231 novae

87 2258 306 2299 versionis
337 2255 615 2297 adornandae
659 2271 807 2297 curam
843 2257 890 2295 in
923 2270 969 2296 se
1008 2257 1248 2311 recepisset
1284 2259 1384 2298 clar.
1421 2257 1554 2301 JOAN.

87 2325 276 2367 Mum.
299 2322 554 2373 Grsxruus,
589 2327 709 2376 cujus
736 2323 963 2376 diligentia
988 2334 1030 2365 et
1054 2339 1225 2366 summa
1243 2326 1291 2365 in
1315 2327 1437 2367 omni
1456 2327 1556 2367 lite-

88 2406 237 2435 rarum
259 2404 418 2443 genere
443 2391 631 2432 eruditio
656 2392 803 2432 notior
823 2401 888 2432 est
903 2425 912 2441 ,
937 2408 1066 2448 quain
1087 2402 1136 2433 ut
1155 2407 1226 2432 me
1251 2406 1470 2447 praecone
1488 2394 1555 2434 in-

89 2460 257 2512 digeat,
288 2460 413 2512 isque
431 2472 529 2499 suas
554 2461 686 2501 etiam
715 2458 1023 2499 adnotationes
1052 2460 1280 2501 additurus
1309 2469 1446 2513 esset,
1479 2462 1557 2503 ‹li-

89 2526 225 2566 midia
264 2540 334 2566 me
376 2527 535 2566 laboris
566 2536 686 2581 parte
731 2528 1010 2568 sublevatum
1051 2528 1319 2580 sentiebani3
1373 2537 1417 2569 et
1457 2544 1557 2570 cum

91 2601 309 2646 spectatae
331 2592 585 2645 diligentiae
608 2594 917 2649 doctrinaeque
939 2597 1021 2645 vir,
1043 2594 1195 2635 Moszs
1220 2611 1276 2635 nu
1297 2595 1416 2636 Som.
1438 2598 1556 2648 (sive

93 2657 311 2710 Somnus,
345 2668 394 2700 ut
415 2662 510 2715 ipse
532 2674 578 2701 se
599 2663 785 2702 scribere
804 2662 946 2714 amat)
971 2663 1073 2701 satis
1095 2662 1168 2701 diu
1191 2663 1239 2702 in
1263 2664 1553 2704 emaculando

93 2725 271 2768 Luciano
301 2737 534 2786 occupatus
567 2738 693 2771 notas
725 2743 825 2771 suas
856 2728 912 2769 ad
941 2742 1042 2770 eum
1072 2730 1204 2783 plane
1228 2729 1468 2787 descriptas
1504 2745 1568 2772 acv
