1778 3194
199 331 254 372 47

204 875 260 915 48

142 954 180 988 p.
200 942 274 976 161.

281 215 377 260 104
773 227 1177 265 LUCIANr

401 328 521 368 TIM.
557 324 622 374 Τίς
641 317 760 375 οὗτός
780 326 884 369 ἔστιν
904 322 925 369 ὃ
947 324 1145 381 προςιών,
1178 322 1200 368 ὅ
1227 324 1551 381 ἀναφαλαντίας,
1587 332 1660 372 Φι-

282 391 442 448 λιάδης,
485 390 672 435 κολάκων
710 391 897 436 ἁπάντων
931 391 953 435 ὅ
987 393 1291 449 βδελυρώτατος.
1341 390 1458 447 οὗτος
1491 398 1532 440 δὲ
1559 396 1659 454 παρ’

284 465 386 517 ἐμοῦ
403 461 453 518 P)
484 459 609 516 ἀγρὸν
631 459 724 504 ’ὅλον
744 461 895 517 λαβὼν,
919 464 988 504 καὶ
1006 467 1056 520 τῇ
1073 464 1245 517 θυγατρὶ
1263 469 1412 517 προῖκα
1431 463 1500 512 δύο
1520 465 1662 508 τάλαν-

284 547 354 581 τα,
386 528 536 585 μισθὸν
556 533 628 571 τοῦ
657 531 846 582 ἐπαίνου,
877 527 995 573 ὁπότε
1026 529 1178 587 ᾄσαντά
1200 547 1269 583 με,
1299 531 1460 574 πάντων
1482 533 1664 576 σιωπών-

285 615 378 649 των,
411 595 535 651 μόνος
552 595 857 655 ὑπερεπῄνεσεν,
889 596 1257 652 ἐπομοσάμενοςἿ)
1290 597 1541 656 ᾠδικώτερον
1563 601 1665 645 εἶναι

286 669 366 708 τῶν
396 663 576 717 κύκνων,
607 666 740 720 ἐπειδὴ
769 671 969 710 νοσοῦντα
988 664 1130 722 πρώην
1150 669 1186 722 r)
1218 666 1295 710 εἶδέ
1313 685 1381 722 με,
1413 667 1503 725 (καὶ
1528 667 1603 725 γὰρ
1625 668 1665 725 ³)

286 737 522 789 προςῆλθον
549 735 779 790 ἐπικουρίας
808 732 997 790 δεόμενος
1008 738 1048 789 ,)
1094 735 1249 792 πληγὰς
1286 733 1307 780 ὁ
1338 743 1523 793 γενναῖος
1547 755 1668 794 προς-

287 802 467 845 ενὲτεινε.

405 874 520 912 ΦῙΛ.
544 863 607 911 ’.Ω
626 873 698 923 τῆς
718 867 1016 926 ἀναισχυντίας,
1046 876 1122 916 νῦν
1150 874 1312 925 Τίμωνα
1333 876 1562 929 γνωρίζετες
1590 877 1682 919 νῦν,

290 942 554 992 Γναθωνίδης
575 940 691 990 φίλος
717 942 785 982 καὶ
806 940 1033 994 συμπότης,
1063 946 1279 996 τοιγαροῦν
1312 944 1444 984 δίκαια
1465 944 1671 985 πέπονθεν

288 997 408 1055 οὗτος
425 1003 470 1061 t)
498 1004 710 1060 ἀχάριστος
729 1006 797 1050 ὤν.
826 1008 941 1062 ’ἡμεῖς
963 1011 1003 1051 δὲ
1024 1005 1204 1051 namma
1226 1008 1429 1062 ξυνήθεις,
1441 1012 1507 1052 καὶ
1526 1011 1672 1064 ξυνέφ-

289 1077 408 1128 ηβοι,
451 1075 520 1115 καὶ
548 1072 736 1127 δημόται,
778 1073 885 1129 ’ὅμως
912 1075 1171 1131 μετριάζομεν
1191 1077 1262 1133 ¹²),
1307 1074 1361 1126 ὥς
1393 1076 1445 1131 μὴ
1472 1078 1673 1135 ἐπιπηδᾷν

288 1145 485 1194 δοκῶμεν.
534 1147 668 1197 χαῖρε,
702 1138 735 1185 ὦ
753 1145 942 1194 δέσποτα,
973 1145 1041 1185 καὶ
1071 1142 1180 1192 ὅπως
1200 1143 1296 1193 τούς
1315 1143 1484 1199 μιαροὺς
1506 1145 1675 1195 τούτους

289 1205 463 1259 κόλακας
483 1207 662 1266 φυλάξῃ,
691 1209 787 1261 τούς
812 1213 878 1254 ἐπὶ
897 1217 968 1265 τῆς
987 1212 1179 1266 τραπέζης
1207 1211 1356 1265 μόνον,
1383 1211 1430 1254 τὰ
1453 1211 1547 1255 ἄλλα
1565 1215 1606 1257 δὲ
1626 1217 1674 1267 ¹)

336 1324 386 1368 p)
411 1318 524 1368 παρ’
550 1321 692 1366 ἐμοῦ]
720 1320 762 1358 τὸ
788 1299 881 1369 παρ’
912 1322 1004 1369 ἐμοῦ
1033 1325 1075 1358 Β.
1095 1336 1127 1359 2.

1200 1323 1673 1377 q)·37·60⁴u206025u8v09]

385 1369 467 1412 Sic,
510 1375 689 1402 monente
712 1372 847 1413 Jensio,
884 1372 1111 1405 recentiores
1129 1382 1207 1424 'pro
1233 1372 1368 1405 Vitiosa
1396 1380 1564 1407 veterum
1593 1375 1675 1408 edd.

383 1415 548 1449 lectione
567 1414 727 1458 ἐπωμοσ.

782 1420 824 1459 r)
851 1416 1038 1462 πρώην]
1064 1430 1248 1462 προτερον
1264 1429 1384 1461 marg.
1405 1422 1446 1452 A.
1471 1431 1499 1452 1.
1524 1420 1583 1452 W.
1632 1423 1675 1465 s)

385 1461 465 1496 καὶ
488 1474 508 1505 γ
521 1458 544 1495 οὶ
557 1462 601 1505 ρ]
627 1462 781 1495 alteram
799 1463 946 1508 addidi,
973 1464 1231 1505 conjecturam
1261 1466 1298 1496 T.
1321 1465 1427 1496 Fabri
1445 1470 1480 1497 et
1497 1465 1676 1510 interpre-

384 1508 549 1541 tationes
580 1507 731 1540 Latinas
761 1516 920 1545 secutus.

992 1510 1030 1552 t)
1059 1504 1171 1543 ovito
1184 1510 1221 1553 ς]
1250 1506 1368 1549 οὕτως
1399 1511 1512 1542 Schm.
1546 1522 1565 1544 e
1591 1512 1674 1546 cod.

387 1558 491 1597 ³428·
514 1558 556 1599 et
581 1563 698 1597 marg.
719 1555 758 1586 A.
782 1566 810 1588 1.
833 1556 890 1588 W.
910 1566 996 1588 cum
1027 1556 1161 1599 quihus
1193 1556 1378 1588 consentit
1405 1556 1495 1601 Aug.
1515 1563 1551 1589 et
1574 1561 1615 1591 A.
1642 1571 1674 1593 2.

388 1599 454 1632 ubi
481 1599 610 1638 οὑτως.

659 1601 788 1644 Neque
814 1607 941 1633 tamen
964 1601 1069 1646 sequi
1098 1601 1290 1634 audebam.

389 1655 422 1677 c.
443 1645 498 1688 56.
538 1645 584 1677 H.
605 1644 631 1678 1.
653 1641 758 1689 ἡμεῖς
777 1645 815 1680 δὲ
836 1647 882 1679 ad
899 1642 1009 1686 οὗτος
1025 1647 1246 1690 praecedens
1266 1647 1477 1691 respondet.

1340 1601 1458 1634 Aliter
1486 1614 1543 1636 res
1566 1603 1680 1637 habet

1535 1650 1582 1687 u)
1608 1662 1679 1693 με·

387 1687 672 1735 τριάζομεν]
698 1690 947 1737 μετριάζωμεν
966 1694 1052 1727 B.2.
1102 1695 1147 1737 x)
1174 1691 1228 1729 τὰ
1251 1689 1369 1728 ἄλλα
1393 1692 1467 1737 δὲ]
1491 1692 1537 1730 τὰ
1555 1692 1595 1730 δ’
1615 1693 1678 1731 ἅλ-

386 1738 434 1772 λα
453 1738 549 1780 conj.
575 1736 692 1771 Belin.

294 1835 354 1876 ris
377 1845 420 1876 et
451 1837 597 1887 comis,
644 1851 759 1877 nunc
781 1848 821 1878 te
856 1837 961 1879 adeo

296 1902 502 1946 agrestem
525 1903 654 1947 atque
681 1894 962 1934 inhumanum

294 1949 509 2002 praebeas,

359 2008 465 2048 Tim,
510 2006 618 2062 Quis
647 2007 720 2047 hic
757 2011 963 2047 recalvas-

297 2070 361 2101 ter
372 2060 547 2102 horsum
566 2065 742 2104 veniens
755 2064 776 2103 ἱ)
808 2065 844 2102 is
856 2065 957 2103 Phi-

296 2117 431 2158 liades
452 2129 527 2170 est,
560 2135 687 2173 supra
727 2135 869 2160 omnes
897 2134 965 2158 as-

298 2183 533 2215 sentatores
555 2177 848 2216 exsecrandus.
877 2177 965 2216 Hic

298 2245 415 2281 vero,
448 2232 521 2286 qui
544 2247 566 2271 a
587 2246 652 2272 me
673 2247 816 2289 agrum
843 2247 958 2272 acce-

299 2287 380 2340 pit,
411 2297 501 2326 tum
521 2288 568 2327 in
603 2288 746 2328 dotem
768 2288 881 2328 filiae
903 2298 964 2327 ta-

299 2345 416 2383 lenta
439 2343 548 2394 duo,
584 2344 684 2399 quia
714 2358 863 2383 vocem
881 2358 965 2384 me-

301 2412 380 2450 am,
412 2401 563 2440 ceteris
593 2399 855 2450 tacentibus,
888 2400 966 2438 mi·

301 2455 359 2493 ris
392 2457 561 2496 tulisset
591 2455 812 2507 laudibus,
854 2459 964 2510 jure·

300 2511 480 2564 jurando
512 2511 744 2563 affirmans,
796 2527 862 2552 me
895 2514 965 2552 vel

302 2568 448 2618 cycnis
470 2569 575 2622 ipsis
596 2569 769 2609 suavius
793 2583 965 2619 cauere,-

301 2623 378 2661 ubi
408 2639 473 2664 me
506 2639 644 2679 nuper
675 2634 963 2681 aegrotantem

301 2678 428 2729 vidit,
443 2680 517 2733 (ad
538 2695 632 2720 eum
654 2682 766 2722 enim
789 2696 852 2721 me
865 2695 964 2722 con-

302 2737 612 2786 tuleram‚mihi
635 2748 684 2777 ut
703 2737 961 2788 subveniret,

303 2790 465 2848 orans,)
485 2796 631 2849 plagas
652 2794 793 2846 etiam,
812 2793 848 2833 si
862 2794 961 2834 Diis

1018 1842 1172 1892 placet,
1195 1838 1332 1877 bonus
1352 1838 1420 1879 vir
1438 1839 1546 1878 mihi
1568 1839 1681 1880 inssi-

1019 1910 1116 1950 gere
1136 1895 1353 1935 sustinuit.

1076 1951 1194 1991 Plzil.
1258 1951 1295 1991 O
1348 1952 1678 2006 impudentiam!

1020 2023 1138 2046 nunc
1161 2008 1384 2047 Timonem
1411 2010 1642 2063 agnoscitis
1657 2010 1679 2049 ἱ)

1020 2064 1557 2105 NunccineGnathonides
1578 2066 1682 2104 ami-

1023 2135 1118 2170 cus,
1164 2131 1207 2159 et
1255 2121 1473 2159 conviva?
1526 2123 1680 2161 merito

1021 2177 1169 2230 igitur,
1197 2176 1268 2229 qui
1290 2175 1596 2231 adeoingratus
1612 2179 1683 2226 sit,

1023 2247 1045 2270 a
1069 2233 1248 2270 Timone
1270 2233 1330 2269 ita
1350 2232 1535 2285 depexus
1558 2248 1684 2274 exor-

1021 2298 1232 2340 natusque
1256 2298 1330 2327 est.
1391 2289 1450 2327 At
1476 2303 1575 2339 Ποε,
1609 2290 1684 2346 qui

1020 2347 1104 2398 jam
1126 2343 1289 2397 pridem
1314 2348 1404 2399 ejus
1435 2346 1680 2397 familiares,

1022 2410 1065 2439 et
1084 2400 1320 2453 synephebi
1341 2416 1497 2451 sumus,
1511 2400 1564 2440 ad
1577 2402 1683 2441 haec

1021 2459 1261 2511 populares,
1285 2466 1424 2498 tamen
1444 2457 1683 2497 verecunde

1022 2514 1211 2568 agimus,
1243 2523 1292 2552 ut
1312 2527 1365 2553 ne
1386 2514 1430 2552 in
1459 2516 1548 2567 ejus
1581 2528 1684 2552 con-

1021 2583 1208 2624 gressum
1262 2570 1492 2622 irrumpere
1540 2569 1683 2609 videa-

1019 2640 1124 2666 mur.
1165 2627 1301 2677 Here,
1333 2630 1468 2674 salve3
1511 2640 1533 2664 a
1553 2629 1681 2666 scele-

1019 2682 1121 2720 ratis
1144 2681 1236 2721 istis
1257 2682 1586 2722 assentatoribus
1609 2696 1682 2721 ca-

1019 2747 1141 2787 veto,
1183 2740 1257 2791 qui
1292 2737 1344 2777 ad
1372 2753 1554 2778 mensam
1587 2748 1679 2777 tan-

1020 2802 1108 2833 tum
1138 2804 1304 2850 praesto
1331 2804 1455 2835 sunt:
1496 2804 1679 2836 ceterum
