1778 3194
192 284 247 311 CX
669 274 1200 306 12D1T10NES

195 681 264 731 II.
310 677 831 729 SCRIPTORUM
899 677 1051 726 VEL
1118 673 1657 725 SINGULORUM

553 770 697 820 VEL
766 769 1310 818 SELECTORUM.

196 936 306 978 1497
361 931 573 975 Avinione.
613 931 804 974 Luciani
828 930 1083 983 Palinurus,
1124 928 1323 983 ejusdem
1351 926 1499 982 Scipio
1525 923 1654 965 Rom.

361 1001 493 1045 Bruti
511 1001 640 1042 Rom.
661 1000 797 1056 Epist.
820 1007 864 1041 et
875 999 1086 1053 Diogenis
1106 998 1257 1053 Cynici
1276 997 1516 1054 Epistolae.
1548 993 1660 1033 Avi-

367 1071 528 1121 nione,
559 1083 638 1125 per
665 1068 756 1109 Nic.
798 1068 907 1122 Seps.
936 1092 987 1098 -—
1035 1067 1290 1109 Editionem
1316 1064 1584 1105 rarissimam
1615 1071 1660 1102 et

366 1139 473 1179 satis
506 1136 774 1188 incognitam
801 1134 907 1176 dicit
933 1135 1048 1176 Sam.
1074 1135 1262 1188 Engclius
1283 1133 1451 1175 Bernas
1477 1133 1526 1173 in
1544 1131 1657 1172 Bibl.

365 1206 577 1246 selectiss.
600 1207 678 1245 sub
698 1216 809 1245 voce
829 1202 1203 1245 Aldobrandinus.

194 1309 305 1354 1510
363 1306 582 1358 Fert-ariae,
614 1309 655 1349 4.
686 1304 873 1346 Luciani
893 1303 1060 1345 Samos.
1086 1303 1111 1343 J
1117 1302 1311 1345 odicium
1329 1302 1578 1355 Vocalium,
1598 1305 1662 1344 in-

362 1380 560 1428 terprete
595 1371 728 1414 Caelio
753 1371 1011 1425 Calcagnino.
1043 1370 1167 1412 Inest
1182 1371 1252 1410 in:
1288 1369 1534 1411 Constantini
1552 1370 1659 1412 Las-

366 1445 472 1483 caris
493 1442 731 1483 Grammat.
756 1439 828 1481 Gr.
849 1454 882 1480 s.
914 1439 1224 1481 Institutiones
1253 1437 1446 1480 Graecae
1469 1441 1660 1492 linguae,

367 1525 466 1552 cum
494 1511 590 1549 aliis
621 1507 883 1565 quibusdam
921 1507 1164 1562 opusculiS,
1213 1514 1258 1546 et
1296 1506 1665 1561 interpretatione

378 1577 496 1629 Lat„
527 1589 583 1616 ex
606 1575 710 1615 edit.
733 1573 832 1614 Joh.
855 1574 1017 1615 Mariae
1040 1573 1249 1614 Tricaelii
1267 1572 1520 1629 AquinatiS.

197 1679 310 1725 151*
368 1680 555 1721 Lutetiae
572 1676 739 1718 curavit
759 1676 927 1730 aliquot
938 1673 1124 1715 Luciani
1138 1674 1333 1727 dialogos
1353 1672 1519 1717 Graece
1531 1675 1661 1719 eden-

367 1747 447 1790 dos
470 1745 709 1788 Alexander
742 1743 999 1794 Mottensis,
1033 1745 1155 1793 cujus
1196 1743 1404 1783 editionis
1427 1758 1661 1799 nusquam

368 1817 477 1856 alibi
499 1819 866 1855 commemoratae
886 1811 1162 1851 mentionem
1190 1812 1296 1851 facit
1321 1811 1478 1852 Othom.
1504 1813 1659 1853 Nacht-

362 1882 454 1938 gaZZ
474 1883 523 1923 in
542 1882 685 1923 Praef,
709 1878 764 1919 ad
787 1878 1030 1919 editionem
1045 1877 1230 1930 Argent.
1253 1881 1304 1919 ab
1327 1894 1363 1919 a.
1389 1883 1510 1925 1515.

197 1986 308 2030 1515
365 1985 633 2038 Arg-eminae,
664 1986 704 2026 4.
725 1979 915 2022 Luciani
940 1978 1136 2020 Deorum
1164 1978 1340 2032 Dialogi
1373 1995 1557 2023 numero
1590 1987 1658 2034 70,

366 2068 455 2093 una
481 2067 576 2094 cum
600 2048 967 2104 interpretatione
991 2061 1014 2087 e
1032 2049 1212 2100 regione
1231 2047 1404 2099 Latina,
1436 2064 1516 2104 per
1529 2050 1659 2092 Joan-

369 2135 473 2161 nem
504 2120 723 2159 Sclzottum.
791 2116 1213 2172 Interpretationem
1241 2117 1430 2157 confecit
1461 2116 1661 2158 Othoma-

363 2206 429 2228 rus
449 2186 672 2240 Nachtgall
687 2186 975 2239 Argentinus.

195 2290 630 2344 ·-·-—=———-Noribet-gcze,
673 2292 714 2331 4.
758 2286 982 2328 Lucianus
1016 2284 1069 2324 de
1106 2285 1276 2324 ratione
1320 2285 1657 2330 conscribendae

363 2358 600 2408 historiae,
633 2369 690 2396 ex
712 2353 878 2396 Graeco
902 2354 948 2392 in
965 2352 1177 2394 Latinum
1196 2352 1435 2394 traductus.

196 2460 305 2503 1516
369 2459 566 2509 Veneriis,
598 2462 638 2501 8.
667 2455 857 2498 Luciani
885 2453 1130 2509 Opuscula,
1169 2453 1338 2494 Erasmo
1355 2453 1652 2499 Ruterodamo

364 2534 410 2567 et
435 2526 521 2567 Th.
557 2525 680 2566 Moro
718 2523 1045 2579 interpretibus.
1115 2520 1348 2572 Venefiis,
1387 2523 1435 2562 in
1472 2523 1654 2567 aedibus

364 2594 471 2635 Aldi
493 2603 536 2634 et
554 2593 764 2634 Andreae
783 2589 983 2633 Asulani.
1016 2586 1308 2629 Continentur
1337 2584 1380 2637 I)
1402 2591 1453 2629 ab
1471 2590 1651 2632 Erasmo

372 2660 569 2702 reddita:
599 2661 800 2711 Toxaris‚
830 2656 1111 2707 Alexander,
1143 2654 1309 2708 Gallus,
1340 2654 1523 2708 Thnon,
1555 2658 1655 2711 Ty..

365 2729 612 2783 rannicida,
645 2726 918 2772 Declamatio
941 2724 1113 2768 Erasmi
1130 2732 1278 2767 contra
1293 2723 1650 2779 Tyrannicidam,
