1778 3194
308 228 623 259 RELJGJONEM
660 227 998 259 CHRISTIANAM
1036 226 1300 259 VOLUERIT.
1356 230 1530 267 LXXVII

67 327 223 383 quibus
239 326 431 367 maxima
447 327 516 366 vis
537 333 579 366 et
596 323 886 381 perspicuitas
910 322 1086 365 videtur
1112 325 1281 377 inesse,
1313 326 1363 367 in
1382 326 1528 370 adno..

60 397 229 437 tatione
261 395 502 446 subjiciam.
1199 388 1202 389 ⁷

177 530 291 572 Sunt
312 540 458 570 autem
475 529 583 569 haec
603 528 795 584 quinque
817 528 979 582 capita,
1011 530 1170 585 quibus
1190 545 1351 573 novam
1374 532 1526 574 Kest-

61 602 170 639 neri
200 598 252 639 de
282 596 526 638 Luciano
557 596 824 637 sententiam
851 594 1076 636 includere
1102 598 1217 639 licet.

174 733 210 774 I.
252 731 543 782 Lucianus,
585 745 669 787 qua
712 739 806 771 erat
844 733 1007 772 meniis
1044 734 1161 784 acie,
1205 749 1340 789 quum
1369 738 1524 778 aetatis

63 816 166 843 suae
186 800 366 853 ingenio
386 815 475 840 non
495 813 733 851 congruere
757 800 945 854 amplius
963 800 1257 852 intelligeret,
1291 817 1401 857 quae
1421 819 1526 845 ma,-

57 873 174 921 jores
196 883 274 924 pro
298 869 418 909 veris
450 869 709 908 habuissent
728 867 776 906 in
803 868 984 922 vitaque
1020 868 1294 921 tenuissent,
1329 873 1525 914 excitare

60 938 265 992 aequales
285 935 338 976 ad
360 936 595 976 rectiorem
619 934 838 987 cogitandi
863 934 1107 989 agendique
1128 936 1345 978 rationem
1364 941 1524 991 voluit,

59 1019 142 1060 qua
162 1005 437 1045 inveteratae
455 1004 688 1058 opiniones
712 1000 893 1042 tandem
914 1016 971 1040 ex
992 1016 1069 1042 sua
1097 999 1200 1042 sede
1225 1002 1526 1047 demoveren—

57 1083 151 1125 tur,
183 1080 227 1113 et
250 1087 347 1112 cum
369 1072 543 1111 veriore
568 1070 750 1109 scientia
771 1071 929 1110 melior
956 1082 1104 1109 rerum
1131 1077 1268 1110 status
1295 1073 1524 1129 inciperet.

58 1142 158 1194 Quo
181 1140 364 1180 consilio
387 1138 628 1193 patriorum
659 1139 892 1177 numinum
918 1137 1082 1176 cultum
1103 1144 1148 1176 et
1165 1139 1402 1190 religiones
1421 1143 1526 1183 irri-

59 1211 135 1258 sit,
164 1220 321 1263 pravas
341 1205 677 1260 superstitiones
707 1205 921 1258 explosit,
955 1204 1232 1245 oraculorum
1263 1210 1524 1261 praestigias

54 1285 100 1318 et
115 1274 391 1318 sacerdotum
412 1286 565 1312 arcana
590 1271 781 1322 detexit,
813 1271 1200 1325 philosophorum,
1234 1271 1400 1316 divitiis
1422 1293 1526 1318 met--

57 1347 121 1396 gis
143 1352 186 1384 et
215 1346 509 1397 famae-quam
535 1339 777 1393 sapientiae
800 1338 1069 1378 inhiantium
1085 1370 1094 1387 ,
1126 1340 1289 1382 fastum
1315 1357 1524 1399 compes-

56 1413 167 1462 cuit,
197 1424 334 1450 vanas
352 1405 568 1448 educandi
589 1414 727 1456 artes,
758 1406 985 1445 rhetorum
1004 1405 1195 1459 ineptias
1209 1438 1219 1456 ,
1253 1410 1520 1452 athletarum

36 1482 244 1520 'ferocem
275 1475 586 1525 stoliditatem,
629 1474 959 1527 opulentiorum
986 1471 1230 1524 luxuriem,
1263 1477 1520 1530 plebeculae

53 1545 357 1587 credulitatem
378 1549 628 1595 ceterasque
649 1540 805 1579 aetatis
826 1553 929 1579 suae
953 1542 1222 1593 corruptelas
1245 1551 1289 1580 et
1310 1544 1420 1584 vitia
1442 1558 1521 1585 sa-

54 1615 180 1655 tirico
203 1613 294 1651 sale
314 1609 562 1665 perfricuit,
595 1607 785 1660 denique
808 1608 871 1646 nil
894 1609 1014 1661 prius
1033 1617 1077 1649 et
1100 1610 1324 1664 antiquius
1345 1612 1516 1662 habuit,

54 1695 182 1736 quam
204 1688 252 1720 ut
272 1681 497 1718 funestum
522 1683 760 1714 veternum
788 1684 956 1716 arceret
971 1709 980 1727 ,
1013 1691 1099 1731 quo
1129 1675 1269 1715 adhuc
1290 1685 1521 1732 torperent

54 1742 254 1805 plerique
269 1744 533 1800 aequalium.
566 1744 721 1797 quibus
743 1744 901 1782 melior
921 1746 1009 1793 jam
1030 1759 1178 1784 rerum
1201 1746 1407 1796 cognitio,
1426 1748 1520 1787 vel-

54 1823 104 1854 ut
124 1816 275 1854 oborta
294 1826 350 1852 ex
372 1811 565 1850 tenebris
587 1811 665 1848 lux
681 1842 690 1860 ,
734 1811 985 1851 affulsisset.
1038 1810 1127 1851 Sed
1146 1811 1228 1851 hae
1250 1813 1517 1865 cognitione,

57 1896 147 1922 non
168 1886 293 1919 erant
313 1879 391 1917 illo
411 1886 624 1930 tempore,
639 1877 713 1931 qui
731 1875 1003 1918 Christianos
1024 1885 1298 1933 superarent.
1341 1878 1518 1930 Quam—-

53 1950 203 1988 obrem
222 1944 277 1985 ad
292 1945 373 1985 hos
393 1944 585 1983 maxime
607 1945 833 1996 spectabat
866 1946 1094 1983 Luciam·
1122 1958 1249 1985 mens
1276 1954 1320 1986 et
1349 1948 1516 1987 oratio:

51 2016 102 2055 hi
123 2021 249 2054 erant
267 2011 509 2066 ἐγειρόμενοι
530 2010 599 2049 illi
623 2018 666 2049 et
688 2011 922 2064 βλέποντες,
955 2026 1141 2066 quorum
1166 2013 1250 2052 etsi
1273 2011 1519 2054 doctrinam

52 2097 140 2122 non
168 2080 536 2135 amplectebatur,
570 2090 764 2120 caussam
785 2086 936 2120 tamen
956 2086 1000 2118 et
1030 2086 1194 2118 sectam
1224 2081 1399 2136 scriptis
1431 2081 1518 2122 ad-

49 2153 201 2202 juvare
232 2144 450 2197 studebat.

160 2283 221 2324 II.
247 2282 524 2336 Quamquam
547 2282 666 2322 enim
686 2281 860 2324 ridendi
881 2281 1262 2336 calumniandique
1282 2282 1514 2324 materiem

51 2350 247 2406 undique
272 2351 526 2402 colligebat,
559 2358 711 2391 tamen
735 2364 849 2391 unus
877 2349 1183 2392 tantummodo
1206 2351 1254 2389 in
1276 2352 1368 2399 ejus
1388 2350 1512 2389 libris

0 2460 1 2466 ,
49 2421 172 2460 locus
207 2418 450 2474 reperitur,
493 2432 577 2472 quo
617 2416 887 2460 Christianos
918 2419 1202 2474 perstrinxit,
1246 2429 1387 2472 neque
1409 2418 1511 2458 illos

144 2601 219 2645 Qui
238 2603 303 2635 Lu
316 2601 388 2634 cia
402 2600 447 2633 ni
468 2601 762 2645 elegantissimus
780 2602 963 2645 interpres
984 2601 1013 2634 si
1024 2599 1146 2633 adhue
1173 2600 1324 2641 viveret,
1343 2598 1414 2632 isto
1427 2601 1512 2634 nul-

142 2647 234 2689 lum,
248 2647 393 2691 opinor,
406 2647 436 2679 K
448 2658 465 2679 e
476 2658 491 2679 s
503 2652 551 2679 tn
563 2658 581 2679 e
593 2658 612 2679 r
625 2659 646 2680 u
657 2660 671 2680 s
683 2647 835 2681 haberet
856 2648 1058 2681 sententiae
1078 2657 1165 2679 suae
1182 2650 1246 2680 aut
1263 2645 1510 2690 adstipulato-

142 2703 226 2727 rem
243 2692 468 2738 paratiorem
480 2718 490 2735 ,
523 2699 586 2727 aut
610 2692 807 2727 fortiorem
825 2699 1159 2739 propugnatorem.
