1778 3194
181 995 236 1037 55
266 988 473 1040 μυττωτοῦ
491 986 711 1026 καταλίποι.

268 1053 388 1105 ὅλον,
428 1050 458 1106 ἢ
487 1049 560 1093 τὸν
589 1055 665 1094 σῦν
695 1049 820 1106 μόνος
847 1058 926 1095 τῶν
952 1051 1087 1095 ἄλλων
1114 1050 1250 1106 λάβοι,

273 260 370 306 110

269 442 467 490 ἐπαινῶν,
499 434 633 490 ἐπειδὴ
657 436 903 493 λουσάμενος
931 436 1118 491 ἀφίκοιτο
1145 440 1207 481 ἐπὶ
1238 436 1283 481 τὸ
1305 442 1490 489 δεῖπνον,
1522 439 1590 480 καὶ
1625 455 1647 479 ο

750 268 1151 300 LUCIANl

124 388 162 424 p.
180 368 366 424 170.tc3v,
396 368 466 412 καὶ
485 373 565 411 τῶν
592 364 722 425 ἡδονῇ
741 364 962 425 χαιρόντων
992 373 1252 425 κατηγορῶν,
1285 369 1353 411 καὶ
1370 367 1413 412 τό
1447 365 1648 425 ὀλιγαρκὲς

1633 434 1646 449 f

268 513 363 557 παῖς
382 504 555 562 μεγάλην
572 503 645 559 τὴν
663 503 833 548 xiil-inab
846 510 861 559 )
873 503 1040 562 ὀρέξειεν
1060 503 1167 565 αὐτῷ
1185 511 1263 564 (τῷ
1285 508 1484 564 ζωροτέρῳ
1503 509 1547 550 δὲ
1565 508 1650 561 χαί-

269 593 330 631 ρει
345 572 538 631 μάλιστα)
556 572 741 629 καθάπερ
759 573 803 618 τὸ
813 572 965 629 Λήθης
981 575 1090 631 ὕδωρ
1110 574 1270 627 ἐκπιών,
1292 573 1550 617 ἐναντιώτατα
1567 577 1648 617 ἐπι-

125 658 162 693 p-
181 647 472 692 171.δείκνυται
501 649 585 692 τοῖς
612 644 802 692 ἑωθινοῖς
834 645 1003 693 ἐκείνοις
1029 642 1180 700 λόγοις,
1223 642 1491 699 προαρπάζων
1521 641 1651 698 ὥςπερ

269 715 418 762 ἰκτῖνος
434 710 482 754 τοὶ
505 712 611 765 ὄψα,
647 709 807 754 καὶτὸν
836 715 1005 765 πλησίον
1025 709 1444 768 παραγκωνιζόμενος,
1473 708 1654 766 καρύκης

265 778 311 823 τό
340 781 495 836 γένειον
524 776 759 830 ἀνάπλεως,
800 780 981 833 κυνηδὸν
1015 778 1340 837 ἐμφορούμενος,
1384 777 1651 832 ἐπικεκυφῶς,

266 846 458 904 καθάπερ
480 848 523 890 ἓν
544 855 630 897 ταῖς
648 847 796 890 λοπάσι
818 846 892 902 τήν
909 846 1054 903 ἆρετήν
1074 846 1257 904 εὑρήσειν
1276 852 1525 904 προςδοκῶν,
1541 842 1654 902 ἄκρι-

265 921 348 972 βῶς
367 914 415 958 τὰ
436 913 600 971 τρύβλια
618 920 672 973 τῷ
701 921 849 974 λιχανῷ
875 914 1117 971 ἀποσμήχων
1137 920 1205 970 ⁰),
1238 915 1290 966 ὦς
1308 918 1405 971 μηδὲ
1424 914 1557 972 ὀλίγον
1580 920 1654 957 τοῦ

765 987 1055 1040 Μεμψίμοιρος
1075 981 1162 1037 cisi,
1193 986 1249 1035 αἶς
1270 982 1314 1037 d)
1334 983 1405 1028 τόν
1427 981 1657 1027 πλακοῦντα

1280 1051 1326 1104 ὅ,
1356 1070 1394 1094 τι
1419 1070 1495 1107 περ
1517 1055 1567 1103 e)
1598 1057 1655 1093 λι-

265 1123 398 1176 χνεὶας
423 1120 490 1161 καὶ
519 1117 737 1172 ἀπληστίας
766 1118 936 1172 ὄφελος,
979 1123 1177 1175 μέθυσος,
1218 1122 1285 1162 καὶ
1314 1118 1535 1174 πάροινος,
1577 1115 1656 1162 οὐκ

265 1205 380 1243 αχρις
403 1183 512 1245 οἷδῆς
533 1189 600 1229 καὶ
620 1183 840 1241 ὀρχηστύος
860 1186 1009 1242 μόνον,
1041 1186 1137 1231 ἄλλα
1157 1207 1224 1230 και
1243 1192 1468 1240 λοιδορίας,
1499 1188 1568 1229 καὶ
1589 1183 1659 1267 ὄρ-

265 1262 338 1312 γῆς
357 1257 531 1311 προςὲτι.
552 1256 619 1297 καὶ
633 1253 746 1311 λόγοι
763 1259 939 1299 πολλοὶ’
922 1259 986 1299 επὶ
1005 1275 1052 1310 τη
1073 1255 1229 1309 κύλικι,
1251 1254 1341 1299 τότε
1362 1254 1411 1309 δὴ
1429 1251 1474 1307 ¹)
1493 1256 1562 1297 καὶ
1583 1251 1656 1308 μά·

120 1343 157 1377 p.
174 1343 250 1378 ¹72·
264 1330 390 1375 λιστα,
412 1325 519 1380 περὶ
527 1322 798 1379 σωφροσύνης
817 1327 885 1368 καὶ
906 1322 1181 1379 κοσμιότητος
1205 1327 1275 1367 καὶ
1294 1330 1417 1366 ταῦτα
1438 1325 1564 1377 φησὶν
1576 1321 1656 1377 ’ἤδη

261 1389 346 1436 ’ὑπὸ
374 1395 446 1435 τοῦ
487 1389 664 1448 ἀκράτου
699 1391 891 1449 πονήρως
920 1394 968 1447 ἑἕ)
1000 1395 1121 1448 ἔχων,
1171 1395 1240 1437 καὶ
1263 1391 1566 1447 ὑποτραυλίζων
1594 1408 1658 1446 γε·

308 1481 355 1527 b)
378 1477 514 1516 κυλικ
526 1482 572 1526 α]
599 1480 798 1527 κισσοχόην
817 1484 909 1528 Aug.
931 1483 1027 1517 mira
1054 1483 1182 1518 lectio.

765 1529 920 1572 d)m‘3]
947 1525 1217 1578 nsifflvmargA
1242 1541 1272 1562 1.
1293 1529 1350 1562 W.
1376 1529 1536 1561 etGori.
1611 1527 1653 1566 e)

358 1525 582 1583 ἄποσμύχων
604 1531 707 1584 Arg,

357 1586 400 1617 ο,
411 1587 454 1608 τι
484 1573 593 1626 περ]
629 1571 654 1618 ἢ
684 1588 754 1617 ο,τι
778 1587 845 1619 περ
875 1576 972 1617 conj.
1007 1578 1141 1608 Henzst.

938 1622 1109 1654 fortassis
1129 1633 1147 1653 e
1168 1622 1263 1662 conj.
1290 1632 1405 1666 quum
1421 1620 1460 1652 in
1482 1619 1654 1663 complu-

356 1623 494 1653 Ilemst.
517 1622 610 1652 min.
629 1621 756 1653 nescio
783 1622 903 1661 unde·

356 1665 460 1699 ribus
479 1672 567 1699 v.ett
601 1672 687 1710 post
709 1664 828 1700 κύλικι
841 1667 962 1721 plene
989 1667 1036 1699 sit
1068 1667 1299 1700 distinctum.

355 1712 505 1756 plenior
526 1718 580 1744 est
599 1718 685 1755 post
704 1710 785 1747 τότε
804 1709 849 1765 δή
876 1713 1151 1757 interpunctio,
1189 1724 1265 1745 non
1283 1711 1404 1745 minus
1430 1713 1534 1744 falsa.

1250 1484 1295 1526 c)
1327 1477 1654 1527 οἷποσμῄχων]

1205 1575 1243 1618 f)
1269 1573 1375 1609 τότε
1399 1569 1483 1618 δὴ]
1509 1569 1592 1607 τότε
1613 1569 1657 1606 δὲ

1347 1668 1391 1698 In
1415 1668 1502 1710 Arg.
1521 1671 1677 1709 contra¹

1584 1712 1656 1743 Ve-

356 1768 440 1791 ram
462 1758 646 1790 rationem
670 1759 834 1792 iestitnit
852 1762 957 1790 Hem.
964 1768 986 1790 t.
1004 1760 1043 1791 in
1064 1759 1119 1791 ed.
1138 1760 1224 1801 maj.
1236 1784 1245 1801 ,
1275 1758 1328 1790 uti
1351 1765 1386 1790 et
1403 1769 1506 1801 riepe
1499 1757 1593 1789 itur
1613 1757 1655 1790 in

355 1804 401 1837 B.
415 1815 446 1837 2.

357 1856 468 1894 cepta
491 1853 626 1885 llemss.
646 1851 702 1886 ed.
725 1853 836 1894 mim,
863 1852 927 1884 ubi
954 1852 1138 1895 πονηρῶς.

263 1940 367 1980 tiam
387 1955 436 1980 ac
467 1941 804 1982 moderationem
830 1958 931 1995 prae

263 2012 307 2036 se
324 1999 431 2045 fert3
466 1998 540 2052 qui
564 2013 688 2038 mane
720 1999 772 2038 de
795 2000 930 2038 virtu-

262 2063 305 2092 te
329 2053 523 2104 disserit,
558 2065 599 2093 et
619 2069 715 2106 eos,
749 2057 823 2111 qui
846 2071 928 2095 vo-

260 2113 428 2162 luptate
470 2110 682 2163 gaudent,
743 2113 930 2166 graviter

263 2176 458 2216 accusat,
509 2168 800 2221 frugalitatem
831 2171 929 2207 lau-

265 2222 391 2261 dans:
437 2223 535 2261 talis
557 2225 648 2273 vir,
682 2223 758 2262 ubi
788 2228 930 2263 lautus

264 2279 460 2318 abalneo
495 2279 546 2317 ad
579 2294 751 2318 coenam
784 2281 926 2330 venit,

263 2345 307 2374 et
328 2336 367 2373 ei
381 2336 643 2388 capaciorem
665 2336 834 2374 calicem
846 2351 928 2374 ser-

263 2394 391 2430 vulus
435 2391 648 2444 porrexit,
692 2393 927 2441 (meracius

265 2458 405 2486 autem
424 2447 611 2486 libenter
638 2447 778 2499 bibit)
806 2449 928 2501 quasi

263 2503 452 2542 letheum
474 2507 677 2557 poculum
713 2503 924 2553 hauserit,

265 2572 313 2597 ea
335 2561 479 2598 omnia
502 2560 624 2609 facit,
661 2574 767 2613 quae
803 2563 929 2612 plane

266 2629 361 2653 cum
389 2616 475 2655 illis
512 2617 737 2655 matutinis
773 2630 928 2654 sermo-

265 2670 394 2708 nibus
414 2683 622 2726 pugnant,
658 2672 854 2711 convivis
870 2672 927 2710 ci-

265 2725 382 2765 baria
409 2729 545 2767 veluti
579 2730 735 2768 milvus
774 2729 929 2781 praeri-

266 2782 412 2836 piens,
447 2793 489 2823 et
510 2784 589 2822 sibi
611 2784 928 2823 accumbentem

269 2838 418 2879 cubito
446 2843 706 2894 propellens,
739 2850 926 2881 mentum

495 1805 542 1848 g)
568 1801 812 1848 πονήρως]
840 1805 900 1838 Sic
919 1806 959 1837 in
982 1805 1175 1848 omnihus,
1203 1816 1296 1848 quos
1315 1804 1412 1846 vidi,
1438 1803 1568 1846 libris,
1594 1813 1655 1836 ex-

1188 1851 1271 1884 vid.
1301 1850 1422 1883 Indie.

991 1957 1141 1995 caryca
1169 1942 1327 1980 illitum
1352 1941 1540 1991 habens,
1583 1954 1650 1979 ca-

989 2015 1091 2037 num
1111 2013 1228 2038 more
1246 2012 1450 2037 lncurvus
1483 2011 1571 2037 sese
1592 2011 1652 2035 cl-

989 2057 1055 2094 bis
1078 2056 1280 2108 implenS,
1315 2055 1435 2110 quasi
1467 2055 1512 2092 in
1541 2053 1654 2106 pati-

989 2127 1056 2150 nis
1079 2121 1280 2150 virtutem
1308 2121 1584 2150 inventurum
1607 2122 1652 2146 se

988 2182 1185 2221 sperans,
1235 2170 1375 2205 lances
1415 2166 1554 2219 digito
1587 2165 1652 2202 in-

991 2224 1084 2262 dice
1106 2222 1253 2261 sedulo
1271 2222 1509 2276 detergens,
1526 2230 1574 2260 ut
1587 2221 1652 2258 ni·

989 2280 1126 2318 bilex
1149 2279 1296 2317 alliato
1328 2278 1554 2332 quicquam
1590 2291 1653 2315 re-

987 2337 1169 2389 linquat.
1236 2335 1437 2389 Iniquius
1497 2333 1653 2387 partita

989 2392 1169 2431 obsonia
1198 2406 1361 2444 semper
1386 2404 1579 2445 querens,
1602 2399 1651 2426 ut

988 2452 1103 2486 solus
1133 2451 1369 2500 placentam
1407 2457 1479 2486 aut
1502 2460 1648 2498 aprum

988 2505 1199 2557 integrum
1225 2505 1307 2542 sibi
1340 2504 1512 2549 habeat3
1559 2511 1649 2539 tum

987 2575 1128 2613 porro,
1145 2560 1235 2613 (qui
1262 2563 1385 2614 gulae
1409 2568 1451 2598 et
1476 2558 1650 2596 insatia-

986 2616 1085 2654 bilis
1107 2617 1354 2655 voracitatis
1377 2617 1539 2654 fructus
1563 2616 1648 2666 est)

989 2672 1129 2711 ebrius
1159 2687 1204 2710 ac
1236 2675 1516 2719 temulentus,
1558 2683 1648 2708 non

987 2727 1040 2767 ad
1063 2736 1230 2767 cantum
1243 2742 1378 2782 usque
1399 2737 1439 2766 et
1457 2726 1649 2766 saltatio-

987 2798 1105 2834 nem,
1169 2784 1240 2824 sed
1276 2784 1327 2823 ad
1369 2783 1566 2823 convicia
1605 2791 1648 2820 et

988 2839 1531 2894 iracundiamprovehitur.
1562 2837 1644 2887 Ibi,
