1778 3194
375 280 379 286 «
438 272 499 302 IN
543 271 838 302 summunt
882 270 1211 302 vocAva.
1463 259 1558 304 341

84 373 184 414 Hoc
206 370 419 412 scribendi
441 385 571 426 genus
592 370 768 423 antiqua
789 368 994 409 dialectus
1014 369 1254 408 Atticorum
1276 383 1448 422 prorsus
1469 370 1560 410 fuit

82 430 359 482 adspernata,
393 428 573 467 maxima
597 430 739 465 saltem
762 441 815 465 ex
837 435 957 479 parte
973 455 984 473 ,
1014 425 1124 463 sicut
1152 425 1418 465 observatum
1445 440 1556 479 quo-

83 501 166 539 que
195 486 298 523 viris
328 484 627 524 eruditissimis
659 483 694 522 J.
732 482 865 522 Wasse
898 481 947 520 ad
981 480 1156 536 Tlmcyd.
1184 482 1218 522 I.
1262 496 1303 534 p.
1341 487 1405 526 16.
1439 497 1480 522 n.
1511 487 1550 526 7,

87 542 130 592 C,
161 543 218 582 A.
252 541 405 580 Dukero
436 556 476 594 p.
499 546 565 585 83.
595 555 636 580 u.
660 544 728 582 49.
760 553 896 589 nova,
937 552 1060 592 quam
1090 548 1271 588 vocant,
1305 538 1551 578 auctoribus

85 598 275 638 Cornicis
297 597 494 650 cupidius
517 596 719 644 adscivit3
753 609 891 648 neque
910 604 1049 634 tamen
1068 594 1128 632 ita
1150 594 1389 646 promiscue
1412 597 1551 633 nullo-

82 669 167 709 que
188 654 432 693 discrimine
446 685 457 703 ‚
479 663 528 691 ut
549 667 637 692 non
658 655 836 690 multum
856 660 897 690 et
917 651 1083 689 aurium
1104 649 1295 702 judicio,
1319 661 1360 690 et
1379 665 1550 690 normae

79 709 291 764 loquendi
315 709 584 749 tribueretur.
647 707 762 761 Quid
784 707 1035 745 familiarius
1061 720 1186 760 quam
1206 710 1357 758 θῆττα,
1394 711 1550 760 Θρᾶττοι

81 763 329 819 (Ἀθηναῖοι
358 766 400 807 δὲ
424 770 580 819 &pana
608 766 787 819 λέγουσι,
817 762 983 814 Etymol.
1013 778 1055 816 p.
1089 765 1186 806 454.
1214 777 1252 801 v.
1272 760 1371 815 24.)
1401 773 1442 801 et
1468 763 1548 801 hu-

78 822 268 877 jusmodi
310 823 550 860 innumera:
591 830 635 859 at
672 835 790 868 raro,
838 820 875 857 si
918 819 1046 858 modo
1078 833 1262 874 unquam
1280 848 1291 868 ‚
1343 822 1545 865 Κίλιτταν,

81 883 294 932 Κρῆτταν,
325 877 497 918 ἰέναι-ταν
516 881 641 930 legeS.
704 874 988 928 Λυκαβηττός,
1023 873 1220 928 ι’Υμηττὸς
1242 875 1547 915 constantissi-

79 950 170 974 mus
194 949 292 972 usus
311 934 474 982 sanxit,
508 944 547 972 et
569 932 620 971 ad
644 935 759 986 ipsos
781 932 965 971 Latinos
988 932 1246 972 transmisit:
1278 941 1425 970 contra
1442 930 1545 970 cedo

78 990 186 1030 mihi
214 993 280 1028 vel
302 1004 458 1039 unum,
493 989 567 1043 qui
592 990 812 1042 scripserit
838 985 1152 1044 1Ἀλικιτιρναιῑτὸν
1184 999 1258 1026 aut
1284 986 1548 1042 Ἀλικαρνητ-

74 1047 160 1096 τὸν,
189 1044 422 1097 [Ιαρναττὸν
445 1057 518 1084 aut
539 1044 798 1099 Παρνηττὸν,
820 1059 1061 1099 quanquam
1083 1045 1155 1083 hic
1175 1044 1220 1082 in
1240 1043 1444 1094 Phocide,
1468 1043 1546 1081 ubi

76 1103 240 1142 Dorice
267 1103 573 1155 loquebantur,
607 1112 695 1141 erat
723 1103 840 1144 situs.
900 1103 990 1141 Ista
1011 1100 1214 1141 monendi
1237 1115 1406 1150 caussa,
1436 1113 1546 1155 quae

74 1160 205 1199 latius
238 1157 442 1200 deducere
472 1173 546 1211 per
574 1168 769 1197 notarum
792 1162 905 1213 leges
936 1173 1023 1198 non
1049 1159 1164 1199 licet.
1226 1156 1443 1199 Βασίλισσα
1464 1171 1546 1194 au..

76 1224 182 1259 tem,
216 1214 327 1254 unde
351 1215 576 1253 formatum
599 1217 821 1268 βασίλιττα,
851 1230 905 1255 ne
927 1215 1165 1269 Polybium,
1185 1214 1407 1253 Diodorum
1430 1213 1546 1252 Sicu·

73 1271 182 1318 lum,
225 1271 409 1309 Graecos
447 1270 631 1310 Hebraei
664 1271 836 1310 Codicis
867 1272 1139 1323 interpretes,
1179 1271 1387 1324 Joseplzum
1418 1279 1545 1322 atque

75 1327 182 1369 alios
206 1340 429 1379 usurpem,
460 1327 606 1366 Alcaei
632 1327 848 1382 ipsiusque
868 1327 1097 1366 Aristotelis
1120 1327 1376 1369 auctoritate
1400 1324 1546 1364 defen-

76 1382 214 1421 ditur:
248 1396 334 1421 non
356 1392 481 1436 negat
504 1383 766 1436 Plnyniclzus5
798 1398 943 1422 verum
967 1397 1019 1421 ex
1043 1397 1188 1422 eorum
1208 1383 1445 1431 sententia,
1469 1380 1546 1433 qui

74 1439 265 1477 strictam
290 1438 416 1476 nimis
445 1439 614 1477 Atticae
639 1438 811 1478 dialecti
835 1442 1022 1493 regulam
1054 1437 1364 1488 condiderunt,
1397 1446 1546 1475 tanto-

73 1508 174 1548 pere
193 1503 430 1542 aversatur,
464 1505 511 1532 ut
536 1494 619 1533 hoc
649 1496 774 1533 etiam
800 1505 1048 1549 argumento
1080 1509 1176 1548 pag.
1195 1500 1264 1537 42.
1295 1494 1548 1533 Demostheni

73 1550 323 1590 Orationem
352 1550 396 1587 in
420 1549 624 1589 Neaeram
651 1549 890 1603 abjudicet,
915 1550 1031 1604 quod
1054 1551 1099 1588 in
1122 1565 1170 1589 ea
1193 1551 1304 1603 regis
1329 1564 1543 1588 sacrorum

73 1620 183 1645 uxor
204 1608 414 1660 βασίλισσα
435 1606 703 1655 nominetur,
730 1622 816 1645 non
837 1608 994 1661 βασιλὶς
1012 1609 1080 1644 vel
1096 1608 1296 1659 βασίλεια·
1331 1620 1416 1659 quo
1435 1608 1542 1658 jure,

71 1677 190 1703 nunc
211 1676 299 1701 non
324 1660 519 1714 disputo:
545 1662 794 1702 atPollucem
814 1673 926 1703 certe
950 1676 1039 1701 non
1067 1662 1247 1702 retinuit
1271 1660 1378 1700 illud
1391 1662 1544 1700 Gram-

73 1718 324 1759 maticorum
345 1717 558 1759 decretum
573 1747 584 1765 ‚
608 1718 709 1771 quin
737 1719 959 1769 scriberet,
986 1716 1059 1772 τὴν
1078 1719 1119 1759 δὲ
1140 1723 1412 1761 συνοικοῦσαν
1436 1715 1546 1773 αὐτῷ

73 1777 262 1830 (βασιλεῖ)
284 1776 516 1828 βασίλισσαν
542 1778 730 1825 καλοῦσι,
760 1775 883 1825 VIII,
904 1779 971 1818 90.
1004 1775 1219 1814 consentit
1239 1774 1381 1815 Aelius
1397 1775 1546 1828 Diony·

73 1836 155 1873 sius
171 1830 283 1884 apud
303 1830 483 1871 Eustatlz.
508 1830 561 1869 ad
585 1829 667 1871 Od.
691 1832 742 1872 A.
775 1845 815 1884 p.
845 1836 968 1876 1425.
999 1835 1073 1873 τοῦ
1093 1830 1277 1885 βασιλεὺς
1298 1829 1342 1872 τὸ
1361 1828 1547 1884 θηλυκὸν

76 1883 127 1931 οὗ
163 1885 289 1941 μόνον
320 1889 516 1940 βασίλεια,
555 1883 608 1934 ὥς
640 1886 766 1941 ἷερεῦς
795 1887 940 1941 ἱέρεια,
982 1883 1081 1932 ἀλλὰ
1110 1889 1177 1931 καὶ
1210 1889 1417 1941 βασίλισσα
1444 1883 1548 1927 κατὰ

44 1943 47 1945 Δ
75 1948 219 1987 Αἴλιον
247 1941 465 1985 Διονύσιον
490 1940 681 1991 Ἀττικῶς
697 1956 707 1968 ·-
738 1946 953 1996 βασίλιννα
973 1945 1017 1984 δέ
1038 1957 1139 1995 φησι
1159 1945 1403 1997 ΙΗένανδρος
1429 1943 1543 1996 λέγει.

76 2000 159 2039 hoc
186 2002 266 2052 jam
296 2001 420 2051 plane
447 1999 682 2048 Doricum,
715 2009 810 2045 aut,
844 1999 882 2037 si
912 1999 1069 2048 mavis,
1103 1999 1456 2049 Macedonicum,
1490 1998 1549 2036 si-

76 2056 171 2095 mili
190 2056 348 2104 sorma,
383 2069 463 2107 qua
481 2054 725 2096 scribuntur
743 2052 947 2106 ”Ηριννα,
983 2054 1186 2105 Κόριννα,
1219 2052 1435 2109 Μύριννα,
1474 2056 1545 2095 (Di-

75 2117 216 2161 λιννα,
246 2114 453 2163 pluraque
472 2111 586 2148 talia.
639 2111 874 2161 Menandri,
908 2125 985 2165 pro
1010 2125 1094 2165 quo
1116 2111 1334 2150 Nunnesius
1354 2110 1406 2150 ad
1425 2109 1545 2161 Phry.

77 2168 182 2208 nich.
207 2181 303 2221 pag.
331 2169 399 2210 45.
417 2165 702 2205 Alexandrum
719 2170 826 2211 male
845 2168 995 2220 posuit
1009 2197 1020 2216 ‚
1051 2170 1171 2206 locus
1196 2167 1246 2205 ab
1268 2167 1441 2206 Aeliano
1461 2179 1546 2204 ser-

75 2233 200 2264 vatus
234 2221 348 2275 apud
371 2222 483 2266 Suicl.
516 2223 560 2260 in
583 2225 799 2276 Παίσωμεν
828 2233 870 2262 et
900 2226 1163 2278 Τρικορυσία·
1194 2225 1262 2268 καὶ
1287 2221 1331 2265 τὸ
1361 2227 1432 2265 τοῦ
1456 2226 1548 2263 Με-

77 2278 275 2333 νάνδρου,
297 2280 364 2319 ἵνα
384 2295 421 2319 τι
441 2280 510 2320 καὶ
532 2280 681 2324 παίσω,
720 2283 962 2334 Τρικορυσία
978 2282 1187 2335 βασίλιννα
1201 2290 1209 2299 ·
1241 2280 1354 2318 fastu
1377 2283 1541 2327 elatam,

78 2345 128 2374 ut
146 2345 252 2388 puto
266 2365 277 2383 ,
310 2344 352 2373 et
371 2348 478 2387 quae
500 2334 647 2375 cristas
667 2338 860 2385 tolleret,
894 2337 1080 2391 intelligi
1109 2337 1272 2375 voluit:
1307 2335 1381 2388 qui
1403 2334 1548 2373 memi-

76 2391 192 2431 merit
218 2391 384 2443 ἐμπίδος
408 2393 672 2445 Τρικορυσίας
695 2392 740 2430 in
760 2393 1043 2446 Aristophanis·
1062 2393 1247 2444 Lysistr.
1283 2406 1323 2431 v.
1350 2396 1470 2434 1031.
1491 2389 1542 2439 is,

80 2446 195 2485 unde
215 2446 318 2484 haec
341 2445 642 2498 adpellationis
667 2446 872 2491 Comicae
890 2450 1046 2492 l'acetia
1078 2449 1134 2487 sit
1159 2448 1373 2500 derivata,
1403 2447 1545 2487 statim.

77 2502 324 2556 persentiet.
375 2502 557 2544 HEMST.

191 2614 295 2657 Εαᾶ.
326 2617 355 2655 l.
386 2617 425 2659 5.
463 2615 517 2657 Τὰ
536 2621 636 2658 σῦκα
652 2622 780 2670 τῦκα)
812 2619 991 2660 Adludit
1010 2619 1062 2660 ad
1085 2630 1233 2661 notum
1257 2618 1543 2673 proverbium,

85 2684 172 2725 quo
194 2672 269 2724 qui
292 2671 422 2712 libere
441 2682 481 2712 et
503 2673 701 2713 audacter
723 2677 843 2716 vitiis
873 2692 947 2716 sua
972 2678 1145 2717 nomina
1175 2685 1364 2730 ponunt,
1397 2674 1546 2713 dicun-

84 2737 155 2765 tur
182 2730 336 2768 vocare
360 2726 408 2769 τὰ
433 2733 558 2779 σῦκα,
599 2735 711 2773 σῦκα.
781 2733 848 2771 Sic
880 2733 930 2771 de
953 2734 1065 2774 His-t.
1099 2733 1231 2773 scrib.
1270 2747 1305 2774 c.
1338 2737 1405 2775 41.
1437 2730 1548 2768 inter

86 2782 171 2824 alia
183 2811 198 2831 ,
228 2783 382 2838 quibus
406 2795 600 2827 ornatum
621 2787 705 2826 sibi
729 2788 819 2829 dari
847 2792 941 2830 vult
958 2791 1121 2841 virum,
1155 2790 1232 2845 qui
1257 2802 1346 2831 sese
1371 2785 1424 2827 ad
1443 2784 1550 2827 scri-ff
