1778 3194
215 245 357 276 LXXVI
504 240 808 274 LUCIANUS
854 245 976 276 NUM
1018 247 1354 278 ADJUVARE

209 343 392 398 plicavit
412 341 476 397 ¹),
508 348 557 380 ut
580 356 677 382 cum
698 356 866 383 summa
895 342 1122 395 judicandi
1142 346 1384 388 subtilitate
1399 361 1551 403 parem
1571 363 1675 391 mo·-

210 411 486 452 demtionem
505 418 548 451 et
568 412 835 465 aequitatem
857 414 1154 465 conjungeret.
1186 413 1274 454 Sed
1291 415 1402 454 illud
1420 417 1674 459 faciundum

210 487 275 518 est
289 512 298 529 ‚
332 477 447 533 quod
466 487 589 534 optat
608 480 703 533 ipse
720 511 729 528 ,
762 480 798 518 si
817 481 929 520 bene
952 494 1054 521 eum
1078 482 1308 532 novimus,
1341 487 1675 535 praestantissi—

207 560 306 587 mus
326 545 426 586 libri
450 545 614 597 editor,
645 554 694 585 ut
722 547 891 599 singula
923 550 1014 599 ejus
1043 551 1181 603 capita
1212 550 1464 601 singulatim
1490 551 1544 591 ad
1563 567 1673 593 cen-

207 627 352 653 suram
372 622 600 666 vocentur,
622 629 733 670 quae
754 614 940 655 totidem
968 616 1160 656 subsidia
1184 624 1287 655 sunt
1307 623 1352 655 et
1370 621 1432 663 (ut
1460 618 1672 674 Appule—

205 685 307 732 jano
327 684 462 722 verbo
495 683 696 737 utamur)
720 682 1000 734 fulcimenta,
1033 684 1188 738 quibus
1208 684 1524 741 constabilitis,
1557 699 1670 726 nova

204 751 281 789 illa
317 748 369 789 de
396 749 667 791 clandestino
687 749 1037 797 Christianorum
1063 750 1243 790 foedere
1276 761 1320 792 et
1345 753 1670 793 consociatione

186 817 408 872 ‘opini0²)
443 817 586 857 denuo
619 825 912 868 sustentatur,
944 819 1177 858 subtractis
1203 828 1355 861 autem
1381 822 1457 860 vel
1487 822 1669 872 eversis,

202 888 493 926 labefactatur
513 894 556 926 et
577 887 754 927 corruit.
812 884 967 940 Itaque
989 900 1103 925 nunc
1124 885 1301 939 quidem
1331 901 1432 928 eum
1462 896 1670 929 excutere

202 956 349 995 locum
374 955 537 1008 placet,
572 968 655 1009 quo
689 953 974 992 Kestnerus
1004 953 1057 993 de
1088 951 1331 994 Luciano
1364 957 1585 1010 exposuit.

314 1091 413 1144 Qua
437 1090 491 1132 de
515 1104 561 1131 re
585 1089 688 1137 dnm
712 1089 857 1131 dicere
879 1090 1178 1143 aggredimur,
1210 1091 1501 1132 vehementer
1529 1091 1666 1131 animi

197 1159 464 1217 pendemus,
493 1160 653 1211 gratias
672 1160 769 1199 viro
792 1158 1043 1199 doctissimo
1068 1158 1318 1211 agamusssde
1339 1160 1394 1198 iis
1413 1191 1422 1210 ‚
1457 1172 1568 1213 quae
1587 1161 1667 1197 in-

197 1229 318 1280 genii
336 1229 427 1268 acie
446 1228 634 1281 reperit,
665 1242 721 1266 an
747 1226 932 1280 repertis
965 1225 1204 1267 doleamus.
1263 1226 1392 1266 Adeo
1426 1226 1544 1266 enim
1578 1240 1668 1265 no—

195 1309 250 1335 va
278 1294 331 1334 de
355 1294 603 1335 Luciano
635 1297 815 1349 ejusque
846 1295 890 1332 in
916 1292 1188 1333 Christianos
1218 1294 1364 1332 animo
1386 1285 1430 1334 et
1450 1292 1593 1332 studio
1615 1293 1663 1333 in

193 1362 392 1403 medium
413 1363 611 1418 protulit,
643 1369 713 1411 ut,
747 1362 785 1401 si
806 1375 913 1402 vera
935 1361 1046 1411 sint,
1080 1374 1189 1414 quae
1213 1359 1433 1412 disseruit,
1462 1363 1558 1411 jure
1582 1374 1663 1401 nos
1699 1372 1702 1375 ⁴

190 1431 357 1486 pudeat
376 1432 624 1487 philologos
659 1431 702 1469 in
734 1428 1001 1484 explicando
1035 1428 1357 1483 judicandoque
1392 1429 1660 1468 facetissimo

194 1500 407 1553 scriptore
436 1506 526 1538 tam
547 1497 619 1538 diu
646 1497 916 1537 caeentiisse.
976 1495 1089 1536 Nam
1111 1510 1242 1551 quem
1263 1496 1404 1535 adhuc
1425 1496 1661 1536 existIma-

191 1568 346 1608 bamus
375 1567 599 1607 infensum
618 1566 753 1604 fuisse
777 1564 841 1603 rei
865 1562 1139 1603 Christianae
1155 1596 1163 1612 ,
1187 1562 1548 1617 christianosque
1569 1577 1658 1603 una

192 1649 290 1674 cum
325 1636 523 1690 ipsorum
558 1633 766 1683 magistro
804 1632 914 1670 risui
942 1644 989 1669 ac
1015 1629 1207 1669 ludibrio
1238 1632 1520 1685 exposuisse,
1553 1645 1656 1673 eum

189 1702 481 1741 Keszncras
503 1708 652 1740 censet
669 1699 714 1739 id
737 1700 875 1751 egisse
896 1697 1063 1748 sedulo,
1085 1706 1133 1737 ut
1158 1697 1386 1749 adjuvaret
1404 1713 1567 1739 novam
1588 1713 1655 1740 re-

187 1771 424 1822 ligionem,
456 1772 615 1810 saetam
648 1767 895 1807 doctoribus
928 1765 1144 1805 invidiam
1178 1766 1420 1817 minueret,
1461 1775 1658 1806 sectato-

187 1851 373 1893 rumque
391 1837 724 1892 persuasionem
756 1836 963 1874 firmaret.
1022 1833 1114 1885 Ego
1142 1847 1270 1884 vero,
1304 1833 1418 1889 quod
1440 1848 1544 1889 pace
1567 1834 1656 1874 viri

188 1904 429 1945 doctissimi
459 1904 672 1953 dixerim,
713 1902 952 1957 speciosius
982 1903 1063 1940 ista
1096 1915 1225 1955 quam
1254 1903 1403 1942 verius
1434 1901 1654 1956 disputata

188 1986 358 2012 censeo.
420 1970 553 2021 Quod
581 1985 665 2025 quo
686 1971 823 2021 magis
853 1976 1085 2023 appareat,
1116 1970 1274 2008 faciam
1292 1968 1358 2020 id,
1392 1968 1507 2024 quod
1529 1971 1654 2023 ipsae

183 2040 315 2091 hujus
341 2039 482 2079 libelli
510 2040 738 2090 angustiae
761 2037 1006 2091 postulant,
1037 2043 1109 2086 ut,
1146 2050 1254 2090 quae
1278 2037 1327 2075 in
1355 2036 1652 2091 disputatione

182 2108 224 2145 Ι(
237 2110 422 2147 estncri
453 2105 650 2162 dispersa
678 2112 722 2144 et
755 2102 963 2158 dissipata
993 2113 1120 2155 sunt,
1158 2105 1409 2145 summatim
1443 2118 1652 2159 compre—

181 2174 397 2224 hendam,
428 2182 496 2226 et,
529 2175 630 2228 quia
650 2170 875 2213 interdum
893 2172 1078 2214 fluctuat
1100 2174 1194 2223 ejus
1229 2172 1392 2221 oratio,
1425 2184 1477 2211 ea
1496 2173 1646 2225 verba,

230 2361 263 2402 1)
290 2361 366 2393 Jen.
396 2361 439 2393 A.
458 2357 558 2392 102.
580 2360 678 2400 ¹8¹9·
727 2355 798 2389 No.
819 2365 881 2389 201
911 2373 954 2380 —-
979 2365 1055 2399 203.

225 2452 262 2491 2)
288 2452 433 2484 Novam
454 2449 550 2492 dixi,
577 2459 655 2483 non
679 2446 847 2491 exemplo
874 2446 1049 2486 l'H'33511331,
1077 2446 1158 2490 qui,
1194 2457 1286 2491 quae
1309 2453 1461 2492 patrum
1488 2458 1640 2483 memo-

268 2497 324 2530 ria
344 2498 482 2540 scripta
498 2501 597 2537 sunt,
617 2493 727 2526 hodie
743 2493 917 2536 ignorare
935 2493 1118 2534 videmur,
1141 2492 1204 2525 sed
1216 2493 1316 2537 quod
1331 2504 1412 2527 eam
1433 2496 1465 2526 K
1477 2505 1495 2526 e
1506 2505 1521 2526 s
1535 2500 1581 2528 tn
1592 2507 1611 2528 e
1622 2514 1640 2521 -

270 2554 347 2575 rus
375 2554 470 2575 nova
488 2548 523 2574 et
540 2541 712 2575 uberiore
741 2539 988 2582 explicatione
1019 2550 1151 2571 novam
1171 2545 1206 2571 et
1235 2550 1338 2572 suam
1364 2539 1466 2573 fecit.
1508 2540 1566 2574 De
1586 2540 1640 2573 li-

269 2588 347 2621 bris
373 2589 635 2631 theologorum
647 2611 655 2626 ‚
693 2586 757 2630 qui
786 2586 858 2617 huc
884 2585 1088 2627 pertinent,
1126 2586 1343 2628 supersedeo
1376 2586 1516 2619 dicere:
1541 2587 1642 2621 illud

269 2634 427 2676 adjicere
444 2635 575 2674 liceat,
605 2632 707 2678 quod
726 2631 812 2674 ipsis
833 2631 990 2663 fortasse
1008 2630 1192 2675 theologis
1215 2642 1355 2663 novum
1376 2633 1516 2664 acci-iet
1533 2654 1541 2669 ⁷
1561 2634 1638 2676 pri-

271 2681 408 2713 mariae
425 2680 627 2712 sententiae
636 2679 816 2711 elementa
832 2677 1015 2709 contineri
1027 2676 1122 2709 notis
1140 2678 1187 2708 W
1198 2677 1210 2709 i
1221 2677 1261 2709 el
1272 2688 1291 2709 a
1301 2689 1326 2709 n
1337 2677 1360 2709 d
1371 2677 1382 2708 1'
1394 2677 1439 2710 ad
1457 2678 1521 2710 Lu
1534 2690 1553 2710 c
1564 2678 1577 2710 i
1588 2690 1608 2712 a
1619 2697 1635 2704 -

269 2738 294 2760 n
308 2738 327 2761 n
344 2738 397 2767 m,
419 2726 587 2772 inprimis
607 2725 754 2771 prolixa
774 2722 839 2758 illa
851 2722 898 2758 ad
908 2721 1150 2769 Peregrinum
1160 2725 1355 2767 Proteum,
1367 2724 1432 2757 To.
1446 2724 1515 2758 ΙΙΙ·
1528 2735 1564 2770 p.
1577 2724 1632 2760 62.
