1778 3194
237 256 909 296 SCRIPTISQUE
977 255 1395 288 LUCIANI.
1460 257 1551 289 'XXV

90 361 350 412 oriundum,
383 357 436 404 de
470 372 555 415 quo
588 354 736 396 Gellius
752 354 916 409 aliique
938 351 1101 394 diserte
1123 354 1446 407 meminerunt,
1477 357 1556 398 vel.

90 440 333 484 martyrum
363 426 581 483 quendam
600 426 679 464 sub
691 421 923 463 Antonino
934 420 1055 461 Vero
1069 420 1300 474 designari,
1312 425 1417 463 satis
1430 438 1554 479 aper·

89 507 186 540 tum
211 506 290 538 est.
323 494 441 536 Vide
471 492 628 532 Gesner-i
650 489 836 530 Dissert.
861 487 915 527 de
936 486 1176 543 Philopatr.
1205 500 1416 545 notasque
1438 494 1552 542 ejus·

91 566 192 607 dem
212 575 257 606 et
279 563 420 604 Solani
436 559 644 615 Fabrique
663 557 717 598 ad
734 557 925 610 Peregrin.
947 571 1012 612 pr.
1037 565 1081 596 et
1103 548 1207 612 quid
1230 558 1283 598 de
1305 557 1556 600 Christiana

91 633 308 683 religione
329 628 505 668 sciverit
527 625 802 682 senseritque
823 624 1048 677 Lucianus,
1079 625 1167 681 ipsi
1195 624 1388 669 dicemus
1416 626 1471 668 ad
1498 628 1556 677 fi..g

91 713 196 741 nem
217 700 347 751 huJ'us
366 694 535 756 Vitae]
1102 682 1106 689 ’

199 834 319 875 Deos
341 842 458 875 certe
478 832 690 873 Ethnicos
711 832 834 872 coelo
855 830 1031 873 deducit
1048 833 1268 888 graphice,
1294 841 1461 876 tantam
1474 834 1555 876 im.-

87 902 314 958 pietatem,
344 910 437 942 tam
462 904 646 956 profana
669 902 832 940 scelera
855 901 977 940 nullo
999 899 1151 941 divino
1172 902 1341 941 honore
1364 901 1558 955 dignari-

90 968 146 1010 da
168 983 367 1021 arguens.
438 967 492 1013 Id
523 968 702 1023 quidem
732 969 948 1009 hactenus
978 981 1058 1008 nec
1084 967 1266 1020 indigne
1296 984 1375 1010 nec
1395 970 1560 1025 impie:

90 1043 137 1076 at
156 1036 274 1091 quod
293 1037 399 1076 inde
419 1036 617 1088 ingratus
641 1035 878 1075 homuncio
892 1067 903 1086 ,
935 1049 1015 1075 nec
1037 1050 1095 1075 ex
1112 1036 1181 1075 sui
1203 1038 1344 1091 ipsius
1365 1036 1559 1091 quidem,

88 1111 140 1144 ut
159 1103 242 1143 alia
265 1113 459 1155 taceam,
500 1105 576 1144 vel
608 1105 800 1158 corporis
825 1105 899 1143 vel
930 1104 1067 1145 animi
1096 1105 1206 1144 mira
1225 1113 1463 1155 structura,
1507 1103 1563 1144 ad

91 1172 286 1227 aliquam
308 1172 405 1211 veri
424 1171 524 1223 Dei,
543 1180 588 1212 et
609 1172 683 1212 vel
702 1172 859 1211 saltem
878 1171 1032 1222 ignoti,
1045 1171 1393 1213 Atheniensium
1413 1186 1563 1212 exem,

91 1240 168 1292 plo
182 1271 192 1290 ,
213 1241 508 1280 reverentiam
532 1240 700 1291 erigere
724 1252 821 1278 sese
842 1240 917 1279 vel
935 1239 1141 1290 voluerit,
1163 1241 1237 1280 vel
1256 1242 1464 1295 potuerit,
1484 1239 1564 1280 sed

91 1304 410 1360 Epicureorum
428 1309 610 1347 fatalem
635 1307 960 1356 necessitatem,
974 1306 1095 1345 omni
1112 1316 1233 1347 metu
1245 1307 1440 1347 Deorum
1464 1310 1565 1348 sub-

93 1374 212 1426 lato,
252 1373 531 1414 exosculatus
554 1372 805 1423 admiserit,
844 1372 893 1412 id
922 1387 1027 1412 vero
1060 1382 1286 1415 extremae
1318 1375 1562 1430 impietatis

95 1453 214 1491 esse,
245 1441 384 1496 ipsius
403 1440 581 1492 gentilis
605 1442 811 1490 arbitrio,
845 1454 933 1480 non
954 1441 1206 1491 ignoratur:
1243 1454 1267 1480 a
1289 1456 1374 1497 qua
1396 1442 1565 1483 infame

93 1521 260 1547 nomen
280 1505 408 1548 ἀθέου
429 1508 596 1560 optimo
616 1510 712 1557 jure
734 1507 999 1562 promeritus
1019 1515 1098 1546 est.
1163 1507 1272 1558 [Imo
1304 1523 1434 1549 nemo
1462 1524 1567 1550 ma..

94 1575 162 1628 gis
203 1576 386 1616 fatalem
427 1574 551 1614 illam
588 1576 901 1617 necessitatem
940 1574 1060 1614 1isit:
1111 1575 1280 1629 inspice
1310 1577 1448 1615 Nostri
1476 1577 1563 1617 Jov

94 1605 259 1698 Corifut.
290 1642 486 1689 maxime
518 1656 553 1683 c.
586 1646 626 1684 4.
663 1644 694 1681 f.
722 1650 766 1681 et
787 1657 820 1681 c.
843 1646 884 1687 7.
916 1642 992 1683 ubi
1012 1655 1163 1682 servos
1183 1642 1266 1683 Pu
1271 1658 1415 1683 carum
1440 1653 1569 1686 vocat

96 1707 255 1760 Deos,
288 1709 327 1747 si
355 1710 447 1748 fato
481 1709 664 1749 obnoxii
695 1710 857 1756 forent.
930 1708 1019 1749 Sed
1049 1718 1151 1749 ante
1175 1711 1323 1749 onmia
1346 1710 1570 1755 c.18.ubi

97 1777 243 1817 fatum
263 1774 428 1816 directe
447 1784 491 1816 et
508 1770 655 1817 valide
673 1775 917 1833 impugnat.
977 1776 1046 1821 De
1076 1776 1313 1817 Atheismo
1335 1786 1484 1818 autem
1501 1778 1569 1820 vi·

101 1842 307 1890 debimus
337 1843 387 1884 in
413 1844 546 1896 fine.]

214 1977 348 2030 Quod
365 1980 404 2020 si
432 1978 488 2021 acl
514 1979 748 2033 Physicam
777 1988 823 2022 et
838 1981 1196 2022 mathematicam
1219 1993 1299 2020 nos
1333 1988 1573 2022 converta-

100 2059 216 2096 mus,
233 2047 376 2101 pergit
397 2048 529 2099 Zuing
509 2064 570 2086 ε)
573 2066 630 2101 us,
654 2051 754 2105 plus
776 2048 893 2103 quod
912 2047 1156 2098 laudemus,
1187 2061 1318 2103 quam
1336 2049 1573 2103 repiehen-

104 2112 275 2163 damus,
308 2127 406 2155 sese
426 2116 615 2166 objiciet.
676 2116 830 2168 [lmo
818 2131 866 2155 1n
886 2115 1211 2156 mathematicis
1233 2129 1389 2170 parum
1414 2127 1574 2154 versa—

102 2187 201 2220 tum
217 2179 379 2231 fuisse,
411 2183 526 2221 bene
552 2183 787 2237 aliquoties
811 2180 1134 2224 demonstravit
1161 2180 1357 2236 Salanus,
1386 2182 1435 2222 in
1455 2183 1575 2225 notis

106 2259 277 2289 errores
297 2250 391 2307 ejus
409 2247 649 2309 indicans]

223 2381 281 2424 In
298 2384 501 2439 practicis
523 2393 672 2426 autem
686 2415 698 2431 ,
729 2386 792 2427 ait
811 2386 1044 2441 Zuz'ngerus,
1074 2385 1313 2435 habitibus,
1343 2386 1484 2436 major
1508 2391 1576 2428 est.

111 2449 252 2506 ipsius
273 2453 556 2506 praestantia.
616 2452 798 2493 Ethicus
817 2455 903 2494 fuit
918 2487 928 2505 ,
959 2454 1230 2506 minimeque
1260 2450 1385 2491 deses
1402 2452 1578 2492 verita-

113 2521 174 2560 tis
195 2527 408 2571 sectator;
444 2520 523 2560 sed
547 2529 590 2561 et
609 2521 718 2561 alios
746 2535 870 2561 secus
893 2528 1070 2574 agentes
1093 2533 1139 2560 re
1161 2526 1204 2558 et
1227 2519 1389 2559 calamo
1411 2519 1579 2560 merri-

114 2600 188 2629 me
212 2597 279 2628 est
300 2597 571 2644 persecutuS,
603 2598 651 2628 ut
673 2590 726 2628 ab
748 2589 940 2643 antiquis
963 2586 1170 2639 δύςφημος
1189 2588 1253 2626 καὶ
1271 2584 1520 2639 βλεῖςφημος,
1553 2600 1580 2631 a

119 2654 221 2694 Vive
241 2657 534 2697 subsannator
555 2654 751 2696 Deorum
784 2663 829 2696 et
857 2656 1112 2704 hominum,
1144 2655 1196 2694 ab
1227 2653 1391 2692 Erasmo
1409 2654 1578 2704 mitius,

122 2720 306 2782 nugator
324 2724 538 2778 festivus,
569 2721 685 2783 quod
702 2721 896 2767 ludendo
918 2721 1200 2767 acerbitatem
1217 2721 1354 2767 animi
1376 2734 1455 2766 ceu
1475 2721 1579 2766 velo
