1778 3194
238 268 893 309 SCRIPTISQUE
963 267 1556 302 LUCIAN1.xxxt

201 368 292 422 Qui
314 376 462 410 autem
484 381 612 410 veros
633 367 924 424 philosophos
947 381 971 407 a
1004 366 1114 407 fictis
1137 375 1182 409 et
1212 367 1430 409 simulatis
1457 366 1556 411 dis-

89 451 268 480 cernere
292 437 549 488 decreverit,
573 437 829 491 exemplum
854 436 1085 489 utriusque
1101 436 1166 475 rei
1185 436 1557 490 perfectissimum

84 507 219 547 habet
249 507 297 546 in
314 504 511 557 Dialogis
539 504 769 545 VITARUM
803 516 1000 553 Auc'rlo,
1030 502 1341 555 PrscAToREs,
1382 504 1557 546 Nisin-

86 588 195 615 uns:
238 581 445 628 quantum
477 573 596 611 enim
628 571 808 611 virtutis
840 571 1022 611 comites
1048 569 1253 612 laudibus
1285 572 1471 625 extulit,
1511 581 1558 615 et:

95 641 392 682 aemulatione
423 646 679 694 persecutus
709 646 798 688 est,
829 645 1001 678 tantum
1028 639 1241 692 pessimas
1264 640 1364 680 illas
1395 649 1440 681 et
1469 655 1558 682 ex·-

85 708 316 750 secrandas
337 721 442 747 aves
465 707 511 747 in
545 707 615 747 his
641 705 824 756 dialogis
852 705 1091 746 insectatus
1123 714 1213 758 est,
1245 720 1385 749 vanos
1411 716 1455 748 et
1477 711 1557 750 fu·-

87 784 204 817 catos
227 788 301 815 eos
323 775 574 826 clamitans,
598 773 673 829 qui
694 775 805 812 falso
827 787 875 813 se
897 773 1077 814 nomine
1092 775 1328 826 jactarent,
1351 790 1451 817 cum
1468 791 1559 818 ve·-

87 857 180 883 ram
212 842 543 897 philosophiam
570 841 849 893 ignorarent,
887 855 936 880 ac
967 842 1098 896 plane
1129 840 1302 883 diversa
1332 842 1558 897 docerent,

85 911 139 950 ob
173 908 387 964 quaedam
418 910 602 949 verbula
630 908 807 949 virtutis
830 909 1010 949 nomine
1032 909 1206 949 intexta
1234 925 1324 951 non
1346 914 1560 954 continuo

81 977 131 1019 in
156 976 417 1018 Heliconem
438 976 640 1028 venisse3
663 989 743 1015 nec
762 977 905 1016 solum
929 977 1040 1017 circa
1059 990 1129 1016 res
1151 979 1367 1019 humanas
1387 981 1559 1021 incerta

84 1059 134 1085 ac
168 1046 304 1084 stulta
326 1044 511 1092 docere,
543 1042 622 1084 sed
643 1052 688 1085 et
718 1042 772 1083 de
791 1043 979 1094 mundo,
1014 1043 1068 1084 de
1090 1043 1209 1097 Deo,
1241 1045 1295 1087 de
1324 1046 1559 1100 sideribus,

85 1111 139 1152 de
171 1111 455 1167 providentia
492 1110 667 1162 divina,
706 1113 842 1159 falsa,
885 1112 1098 1152 ementita
1140 1120 1184 1153 et
1215 1114 1352 1170 impia
1377 1117 1557 1167 jactare,

87 1194 198 1235 quae
226 1194 370 1234 neque
392 1179 590 1220 viderint
610 1179 717 1234 ipsi,
750 1192 831 1219 nec
860 1177 1039 1219 aliunde
1065 1183 1367 1231 cognoverint.
1429 1182 1560 1235 Quae

85 1247 235 1287 omnia
265 1246 501 1299 diligenter
529 1247 789 1302 exsequitur
820 1246 1023 1286 sublimis
1055 1247 1132 1286 ille
1163 1246 1555 1292 IcAflommrpus.

84 1313 229 1355 Veros
249 1315 554 1370 philosophos,
586 1315 760 1369 qualem
783 1314 1006 1366 Nigrinum,
1038 1314 1320 1356 Demonaciem
1342 1327 1387 1359 et
1409 1316 1557 1359 CYm-

83 1396 178 1423 cum
203 1382 409 1433 exhibet,
442 1395 658 1437 nusquam
681 1382 865 1422 scientia
890 1382 1134 1433 tumuisse,
1166 1383 1359 1424 Socratis
1394 1398 1557 1426 exem-

82 1450 157 1506 plo
181 1463 227 1489 se
247 1449 362 1489 nihil
384 1449 496 1489 scire
518 1451 762 1504 professos,
796 1463 892 1489 cum
912 1451 1164 1503 imperitiae
1186 1454 1404 1506 professio
1426 1466 1558 1495 sum—

81 1529 153 1556 ma
173 1515 409 1571 prudentia
431 1517 500 1556 sit.
564 1514 724 1557 Simias
749 1530 858 1557 vero
880 1523 924 1556 et
944 1519 1102 1558 mimos
1127 1532 1228 1559 suos
1261 1521 1315 1559 ob
1338 1520 1555 1576 quaedam

83 1590 271 1624 ventosa
292 1591 335 1626 et
358 1585 540 1624 obscura
563 1591 843 1636 argumenta,
881 1593 925 1624 et
944 1586 1077 1626 salsas
1095 1600 1243 1627 rerum
1274 1586 1557 1629 definitiones

82 1650 142 1691 ita
166 1652 281 1691 ferre
310 1653 592 1706 supercilium
616 1661 662 1693 et
682 1654 821 1694 elatos
841 1651 1070 1705 incedere,
1102 1663 1152 1695 ut
1178 1655 1259 1695 vix
1289 1656 1557 1697 salutatione

82 1731 349 1774 quemquam
379 1718 677 1771 dignarentur.

195 1853 342 1895 Veros
375 1855 665 1912 philosophos
708 1856 928 1898 amicitiae
961 1859 1210 1909 symbolum
1239 1872 1411 1899 summa
1441 1872 1555 1900 con-

88 1935 292 1963 servasse
315 1921 542 1974 diligentia
558 1955 568 1973 ,
599 1931 647 1963 ut
666 1927 823 1980 probat
842 1928 1018 1967 eximiis
1040 1925 1190 1968 decem
1213 1928 1431 1984 exemplis
1454 1927 1554 1969 To-

85 2001 224 2030 xArus
251 1989 348 2029 sive
366 1991 579 2030 Amicitia.

197 2125 379 2167 Nullum
405 2141 501 2168 esse
527 2128 717 2183 pretium
749 2142 935 2185 operae,
967 2129 1005 2172 si
1025 2130 1172 2171 verbis
1205 2132 1418 2175 virtutem
1448 2135 1556 2176 lau-

86 2192 268 2242 demus,
303 2193 555 2249 disciplinas
585 2211 738 2237 omnes
767 2196 1089 2253 perdiscamus,
1120 2214 1273 2240 omnes
1304 2209 1420 2242 artes
1447 2206 1555 2244 sue-

83 2261 246 2301 erimus
268 2260 441 2317 adepti,
475 2264 560 2304 nisi
583 2267 714 2305 simul
745 2267 867 2306 vitae
889 2267 1168 2318 societatem,
1201 2282 1285 2322 qua
1308 2270 1421 2309 nihjl
1450 2284 1556 2311 me·-

81 2329 168 2368 lius
189 2327 296 2369 Divi
323 2330 517 2370 humano
549 2333 699 2383 generi
728 2333 965 2388 quidquam
995 2336 1139 2387 largiti
1171 2344 1295 2387 sunt,
1338 2337 1556 2391 profitea-

82 2408 195 2437 mur.
268 2395 395 2447 Quae
429 2399 576 2438 omnia
609 2398 843 2452 diligenter
878 2403 926 2442 in
957 2402 1210 2454 LArirffls,
1253 2403 1302 2443 in
1331 2403 1552 2446 Eunucuo

85 2471 131 2503 et
154 2478 208 2503 DE
233 2462 393 2505 Sec-ris
430 2467 660 2520 amplexus
682 2476 761 2508 est.
830 2469 1021 2511 Virtutis
1055 2470 1304 2512 adsessores
1334 2471 1553 2514 modestia

31 2548 37 2551 -
84 2540 128 2571 et
150 2533 402 2583 frugalitate
421 2534 603 2584 censeri,
627 2536 739 2574 nihil
755 2537 803 2576 in
827 2539 977 2589 vitam,
1001 2539 1170 2578 nihilin
1189 2553 1332 2580 mores
1358 2553 1550 2594 peccare.

82 2597 232 2639 Elaios
252 2599 353 2638 illos
374 2608 419 2638 et
440 2600 632 2640 tumidos
653 2605 838 2643 torrenti
867 2607 1107 2646 ambitione
1128 2620 1354 2660 vanaeque
1387 2609 1551 2659 gloriae

82 2665 280 2720 adpetitu
302 2668 520 2720 torqueri,
552 2668 598 2707 in
619 2681 834 2711 summam
868 2673 1047 2713 interim
1079 2675 1376 2715 temeritatem
1410 2684 1453 2717 et
1473 2677 1552 2715 in-

83 2733 259 2776 famiam
280 2735 580 2789 praecipitari,
611 2737 725 2777 nihil
747 2738 1014 2782 intentatum
1043 2742 1314 2796 relinquere,
1350 2757 1429 2785 nec
1466 2744 1549 2786 sibi
