1778 3194
290 230 356 277 82

143 358 182 394 p.
199 357 274 393 129.
289 339 405 396 τρυγὶ
434 342 506 382 τοῦ
531 338 674 380 πίκθου.
721 332 803 379 ἀλλ’
837 335 952 380 ἄπιτε
968 335 1070 390 ἤδη,
1101 336 1170 379 καὶ
1190 339 1416 387 πλουτίζετε
1441 334 1584 380 αὐτόν·
1617 352 1666 380 συ

291 410 335 452 δὲ
363 409 563 462 μέμνησο,
596 399 629 449 οἷ
651 403 807 462 Ἑρμῆ,
840 404 1037 456 ἐπανιών,
1069 403 1173 460 πρὸς
1198 403 1304 458 ’ἡμᾶς
1335 405 1443 461 ἄγειν
1472 404 1568 454 τούς
1586 410 1667 446 Κυ-

288 483 451 526 κλωπας
470 477 514 519 ἐκ
532 479 604 530 τῆς
631 478 810 528 Αἰτνης,
844 472 955 523 ὅπως
981 472 1052 516 τὸν
1069 471 1269 527 κεραυνὸν
1296 469 1566 526 ἀκονήσαντες
1586 474 1667 516 ἐπι-

196 590 211 612 ²
240 591 273 612 o
290 543 562 589 σκευάσωσιν·
593 542 647 594 ὦς
666 543 745 597 ἤδη
766 560 809 598 γε
826 543 1074 598 τεθηγμένου
1095 540 1221 585 αὐτοῦ
1241 540 1478 596 δεησόμεθα.

141 591 180 624 P·
202 589 273 670 5ξο
401 617 542 657 ΕΡΜ.
573 616 812 666 Προΐωμεν,
845 630 876 653 ω
898 615 1062 654 Πλοῦτε.
1101 612 1140 653 τί
1161 614 1307 660 τοῦτο;
1338 607 1575 660 νποσκάζεις
1593 605 1669 664 ¹¹),-

283 680 481 738 ἐλελήθεις
491 700 549 737 με,
565 699 595 723 ω
612 680 795 738 γενναὸα,
809 677 857 723 οὗ
872 677 1000 733 τυφλ
982 697 1026 729 ος
1048 676 1188 733 μόνον,
1202 675 1300 720 ἄλλα
1316 681 1383 721 καὶ
1398 675 1559 733 χωλός’
1537 694 1593 720 ων
1610 674 1668 730 ¹)-

402 755 613 794 ΠΛΟΤΤ.
659 745 749 792 Οὔκ
783 746 848 791 ἀεὶ
878 752 1016 799 τοῦτο,
1049 741 1082 790 οἷ
1107 744 1119 760 “”

286 817 395 864 &nim
413 816 525 875 παρά
544 836 633 861 τινα
652 819 858 873 πεμφθεὶς
875 813 955 858 ’ὕπὸ
979 820 1053 858 τοῦ
1064 815 1177 867 Διὸς,
1192 813 1267 859 οὐκ
1289 811 1366 860 οἷδ’
1389 812 1502 864 ὅπως
1520 815 1672 869 βραδυς

283 893 367 944 εἶμι
395 890 463 931 καὶ
488 884 614 941 χωλὸς
641 884 906 941 ἀμφοτέροις,
939 881 994 933 ὥς
1020 883 1134 938 μόλις
1155 890 1278 927 τελεῖν
1295 879 1346 940 k)
1378 884 1444 926 ἐπὶ
1474 880 1518 925 τὸ
1536 883 1669 935 τέρμα,

282 954 619 1013 προγηράσαντος
650 955 775 996 ἐνίοτε
799 958 872 996 τοῦ
890 954 1187 1008 περιμένοντος.
1225 951 1378 995 ὁπόταν
1407 952 1447 994 δὲ
1476 946 1672 993 ἀπαλλατ-

281 1032 426 1069 τεσθαι
461 1024 552 1080 δέῃ,
594 1019 748 1075 πτηνὸν
785 1020 899 1073 ὄψει,
935 1018 1040 1063 πολὺ
1076 1025 1157 1063 τῶν
1187 1015 1358 1077 ὀνείρων
1378 1016 1418 1073 1)
1451 1013 1670 1074 ὠκύτερον.

283 1093 367 1148 ἅμα
387 1096 486 1149 γοῦν
504 1092 644 1133 ἔπεσεν
663 1086 692 1142 ἡ
712 1088 913 1143 ὕσπληγξ,
944 1085 1055 1143 πᾷγῶ
1072 1086 1150 1142 ἤδη
1173 1085 1496 1146 ἀνακηρύττομαι
1513 1102 1671 1138 νενικη-

279 1159 385 1212 κώς,
428 1156 718 1215 ὑπερπηδήσας
751 1156 797 1200 τό
843 1155 1030 1207 στάδιον,
1076 1152 1168 1200 οὐδὲ
1209 1153 1380 1199 ἰδόντων
1422 1157 1550 1199 ἐνίοτε
1588 1170 1671 1197 των

775 238 1177 270 LUCIANI

1122 752 1267 803 Ερμῆ,
1300 742 1385 789 ἀλλ’
1417 744 1570 790 ὁπόταν
1599 761 1670 799 μεν

277 1232 453 1271 θεατῶν.

397 1299 543 1339 ΕΡΜ.
589 1290 679 1336 Οὐκ
708 1291 849 1347 ἀληθῆ
873 1296 1001 1334 ταῦτα
1028 1288 1123 1348 φῄς.
1155 1290 1232 1347 ἐγώ
1259 1292 1302 1335 δὲ
1327 1293 1397 1336 καὶ
1413 1294 1466 1345 ¹¹¹)
1497 1288 1672 1341 πολλοὺς

137 1360 335 1409 P·¹31‹32v
366 1365 492 1407 εἰπεῖν
515 1364 642 1418 ἔχοιμί
669 1377 756 1413 σοι,
786 1361 882 1416 χθὲς
914 1359 987 1414 μὲν
1016 1356 1111 1404 οὐδὲ
1141 1356 1310 1415 ὀβολὸν,
1343 1360 1439 1412 ὥςτε
1472 1363 1672 1415 πρίασθαι

327 1465 379 1510 h)
403 1464 447 1499 τί
473 1477 642 1506 τουτος
680 1459 995 1505 υποσκάζειςς
1006 1462 1020 1507 ]
1057 1462 1118 1496 Sic
1149 1464 1286 1495 Hemst.
1318 1462 1486 1496 distinxit
1511 1462 1668 1507 primus.

371 1512 493 1546 Antea
517 1513 553 1546 τί
578 1513 691 1547 τοῦτο
720 1506 963 1550 υποσκάζὲιςὶ

1012 1509 1129 1553 Saepe
1158 1509 1212 1541 sic
1231 1520 1252 1542 a
1267 1508 1431 1543 librariis
1458 1515 1667 1554 peccatum

371 1557 410 1601 i)
440 1553 521 1602 ὤν]
551 1554 596 1592 ὄν
619 1556 824 1590 nonnullae
843 1555 924 1590 edd.
944 1560 1104 1598 veteres,
1130 1554 1169 1587 in
1189 1554 1246 1586 his
1268 1558 1309 1588 A.
1332 1567 1364 1588 2.
1413 1555 1460 1600 k)
1485 1555 1670 1597 τελεῖν]

374 1601 500 1636 ἐλθεῖν
521 1605 565 1637 R.
588 1604 629 1636 P
652 1603 693 1636 L.
717 1605 748 1637 J.
771 1612 893 1644 marg.
911 1601 952 1634 A.
980 1612 1010 1634 1.
1032 1601 1091 1633 W.
1141 1596 1247 1644 μόγις
1272 1601 1387 1636 Schm.
1411 1613 1429 1634 e
1458 1601 1668 1644 cod.1428.

372 1650 413 1690 1)
439 1645 678 1704 ὀνείρων]
713 1648 773 1681 Sic
803 1648 896 1703 Aug.
928 1646 973 1679 R.
1005 1646 1045 1678 P.
1073 1647 1103 1678 J.
1132 1657 1250 1690 marg.
1278 1647 1319 1680 A.
1346 1658 1376 1681 ι.
1407 1648 1467 1681 W.
1498 1649 1606 1680 etA.
1634 1658 1669 1682 2.

721 1694 783 1737 m)
811 1691 861 1727 δὲ
885 1691 992 1736 και]
1017 1690 1057 1727 δέ
1075 1704 1134 1726 τοι
1153 1693 1238 1727 cod.
1262 1699 1362 1737 1428.
1383 1694 1482 1728 etR..

374 1696 486 1740 Vulg.
512 1691 596 1739 ω’ρνε
592 1694 664 1730 ’.ων

281 1806 332 1838 ‘tu
355 1798 442 1838 cito
466 1798 622 1838 effusus
645 1797 792 1838 fueris.
862 1798 946 1839 Sed

281 1859 365 1910 jam
388 1854 622 1908 aliquando
645 1853 783 1904 abite,
818 1865 946 1908 atque

283 1910 500 1950 hominem
535 1910 679 1950 ditate.
751 1913 805 1950 At
839 1910 944 1950 heus

282 1977 352 2016 tu,
387 1967 603 2016 Mercuri,
636 1976 783 2005 curato
814 1966 945 2005 addu-

282 2034 373 2063 ctos
397 2033 534 2062 tecum
553 2038 608 2063 ex
628 2023 765 2061 Aetna
791 2023 945 2075 Cyclo-

279 2093 381 2132 pas,
426 2080 500 2133 qui
523 2079 632 2117 mihi
665 2079 827 2119 fulmen
850 2094 948 2119 exa-

282 2146 412 2175 cuant
433 2150 479 2174 ac
501 2135 720 2175 reficiant:
753 2150 805 2176 eo
833 2136 947 2175 enim

281 2206 488 2246 perquam
518 2202 644 2231 acuto
677 2191 805 2231 nobis
838 2206 946 2245 opus

280 2258 376 2290 ent.

339 2307 446 2344 Mer.
494 2305 744 2359 Pergamus,
804 2305 943 2345 Plute-

283 2359 402 2415 Quid
442 2361 526 2401 hoc
564 2361 737 2401 autem?
787 2359 947 2401 claudi-

285 2417 387 2456 cas?
445 2417 700 2472 Ignorabam
722 2450 733 2469 ‚
765 2432 789 2457 o
810 2417 943 2468 bone,

285 2487 374 2512 esse
405 2483 448 2514 te
472 2489 560 2513 non
591 2473 719 2514 modo
753 2488 944 2525 caecum,

286 2528 361 2568 sed
384 2530 579 2569 claudum
602 2531 742 2570 etiam.

344 2587 462 2627 Plut.
502 2586 553 2625 Id
583 2587 690 2626 mihi
721 2602 810 2628 non
842 2602 944 2627 sem-

284 2652 361 2692 pet
380 2656 460 2680 usu
482 2644 645 2684 evenit:
677 2643 751 2684 sed
780 2659 873 2683 cum
895 2643 943 2682 ab

284 2695 393 2736 Jove
425 2699 476 2737 ad
505 2701 742 2754 quempiam
774 2700 940 2750 mittor,

284 2762 460 2803 repente
478 2755 637 2795 tardior
658 2761 787 2810 paulo
801 2756 872 2809 fio,
901 2766 944 2797 et

286 2816 468 2863 utroque
489 2825 608 2853 crure
640 2813 838 2865 claudus,
880 2813 940 2854 ita

1003 1804 1054 1834 ut
1074 1796 1151 1835 vix
1183 1806 1312 1850 atque
1344 1811 1467 1852 aegre
1497 1797 1667 1838 itineris

1005 1851 1132 1891 finem
1154 1853 1374 1906 attingam,
1397 1868 1492 1891 cum
1514 1855 1549 1892 is
1566 1857 1665 1908 jam,

1004 1908 1058 1947 ad
1079 1922 1202 1973 que-m
1223 1909 1374 1948 missus
1386 1910 1562 1961 fueram,
1572 1913 1667 1950 lon-

1004 1979 1058 2019 go
1081 1966 1202 2004 senio
1227 1967 1449 2005 confectus
1481 1970 1668 2020 plerum-

1004 2035 1086 2074 que
1127 2024 1250 2075 jacet.
1320 2023 1380 2061 At
1405 2023 1443 2060 si
1493 2022 1666 2076 quando

1008 2077 1310 2118 discedendum
1342 2079 1423 2129 sit,
1451 2088 1539 2118 tum
1564 2093 1665 2119 vero

1005 2148 1071 2174 me
1095 2138 1252 2172 alatum
1284 2134 1414 2185 dicas,
1449 2135 1553 2188 ipsis
1576 2136 1666 2175 avi-

1007 2190 1083 2229 bus
1104 2191 1359 2230 celeriorem.
1419 2191 1572 2244 Itaque
1590 2190 1666 2229 ubi

1003 2246 1188 2299 primum
1217 2246 1382 2286 excidit
1414 2247 1518 2286 circi
1547 2261 1666 2301 repa·
1712 2264 1717 2273 s

1006 2306 1176 2356 gulum‚
1230 2306 1313 2357 jam
1355 2317 1422 2343 me
1459 2303 1665 2344 victorem

1004 2363 1237 2412 proclamat
1269 2373 1437 2423 praece,
1480 2361 1555 2414 qui
1582 2370 1667 2399 sta-

1006 2414 1120 2454 dium
1142 2426 1260 2455 tanta
1286 2416 1541 2468 pernicitate
1570 2430 1666 2469 per-

1005 2473 1225 2523 currerim,
1259 2482 1308 2510 ut
1326 2471 1583 2536 quandoque
1608 2485 1664 2512 ne

1003 2539 1260 2583 spectatores
1297 2527 1381 2582 ipsi
1426 2527 1560 2567 oculis
1596 2542 1664 2568 me

1003 2595 1237 2626 cunentem
1258 2583 1380 2639 sequi
1399 2584 1636 2636 potuerint.

1059 2644 1160 2683 Mer.
1192 2642 1343 2680 Minus
1365 2654 1462 2679 vere
1483 2639 1658 2691 isthaec,

1000 2701 1148 2739 Plute:
1181 2712 1275 2736 nam
1295 2698 1450 2735 multos
1478 2710 1556 2751 ego
1579 2711 1660 2736 me-

1000 2768 1163 2796 mo1are
1196 2768 1390 2808 possum,
1435 2754 1531 2807 qui,
1564 2767 1660 2791 cum

1000 2812 1094 2854 heri
1120 2825 1174 2852 ne
1199 2810 1370 2853 obolum
1396 2808 1566 2865 quidem
1587 2808 1659 2854 ha-

1750 0 1753 8 ι

1751 68 1753 78 ι

1654 338 1662 352 Ι

1637 403 1647 416 Ι

1633 745 1642 761 Ι

1636 810 1648 825 Ι

1620 946 1631 961 Ι

1628 1158 1646 1166 ,
1732 1156 1735 1159 .

1761 2317 1765 2332 Ι

1756 2348 1765 2694 6

1758 2713 1763 2761 ἔ

1757 2823 1762 2832 ο

1756 2844 1760 2853 4
