1778 3194
225 245 351 275 CXLII
540 242 1421 274 so.1‘REn.RE1‘rzlt

339 341 768 384 commentatoribus
792 348 941 381 autem
970 354 1093 382 suam
1115 342 1290 382 servavi
1317 342 1688 398 orthographiam,

224 411 449 453 interdum
475 418 519 450 et
538 410 662 459 vitia,
684 410 883 449 maxime·
908 408 944 449 B
958 424 982 449 o
999 424 1023 449 u
1036 409 1090 449 rd
1104 411 1190 450 elo
1203 412 1283 450 tio
1296 441 1307 461 ,
1339 402 1454 464 quod
1477 420 1520 450 et
1537 410 1578 451 H
1591 425 1689 458 em-

225 478 529 519 sterhusiu
545 493 591 518 m
633 478 792 517 fecisse
831 476 986 527 video,
1010 465 1076 517 'ut
1116 479 1208 527 ejus
1239 478 1407 518 incuria
1437 479 1684 533 adpareret.

220 546 372 599 Quare
397 560 452 586 ne
471 554 626 601 putes,
655 558 728 584 me
747 545 894 584 omnia
918 545 1097 585 illorum
1119 547 1325 598 probare,
1359 558 1469 599 quae
1500 559 1590 584 non
1618 558 1691 584 re-

212 617 384 665 futavi,
419 627 587 669 quaeve
615 620 715 668 post
738 611 953 665 descripta
979 611 1156 652 demum
1176 615 1291 667 typis
1315 613 1420 652 folia
1441 611 1614 661 detexi,
1647 625 1687 652 e.

221 696 281 736 gr.
305 681 477 737 quando
509 682 557 720 in
587 680 806 720 Demon.
841 694 875 718 c.
904 684 969 722 30.
1002 679 1243 720 Solanus
1274 681 1321 719 in
1352 688 1561 720 contextu
1597 678 1691 721 ουδὲ

219 751 319 805 μέγα
343 750 455 788 nihil
475 750 738 799 immutans,
768 749 817 788 in
846 747 963 788 notis
991 753 1141 788 tamen
1171 748 1320 788 scribit
1352 749 1469 790 ουὸὲν
1491 749 1607 802 μέγα,
1639 755 1689 786 ut

220 819 306 859 alia
331 818 519 859 mittam.

333 954 612 995 Scholiasten
634 966 740 994 vero
760 960 904 993 totum
927 966 1059 993 manu
1081 951 1328 992 describere
1354 966 1502 994 sumus
1534 952 1688 1004 coacti,

220 1022 320 1078 quia
351 1023 539 1077 plurima
573 1028 697 1061 erant
727 1020 1023 1071 emendanda,
1069 1034 1178 1075 quae
1206 1022 1256 1059 cl.
1303 1019 1556 1062 Clericus
1598 1035 1688 1060 non
1731 1028 1735 1031 “

220 1097 492 1138 correxerat,
524 1090 714 1144 plurima
742 1091 871 1141 longe
906 1090 992 1128 alio
1019 1088 1171 1128 ordine
1194 1090 1465 1137 collocanda,
1500 1097 1541 1127 et
1562 1089 1690 1127 inte-

219 1172 293 1209 gra
321 1156 486 1196 scholia
517 1170 731 1212 persaepe
758 1157 811 1197 ad
841 1158 948 1197 alios
975 1156 1169 1206 dialogos
1200 1155 1451 1206 referenda,
1484 1154 1538 1194 ad
1572 1153 1689 1209 quod

218 1233 368 1264 tamen
409 1222 607 1263 Solani
649 1224 878 1276 diligentia
921 1226 1042 1264 viam
1087 1226 1175 1273 jam
1221 1223 1462 1274 munierat,
1515 1224 1690 1274 singula

218 1291 413 1332 numeris
451 1289 788 1343 distinguendo,
830 1301 873 1332 et
900 1293 1043 1332 varias
1076 1292 1194 1330 lectt.
1233 1305 1288 1330 ex
1320 1288 1454 1330 Codd.
1490 1290 1687 1342 Anglicis

219 1357 482 1410 adjiciendo,
506 1366 635 1414 atque
657 1367 890 1414 utrumque
921 1359 1264 1399 Vossianum
1304 1360 1496 1397 codicem
1530 1361 1689 1398 confe—

216 1425 379 1477 rendo,
420 1439 553 1481 quem
585 1435 630 1466 et
656 1428 753 1481 ipse
785 1428 922 1467 oculis
955 1428 1169 1478 subJ'icere
1195 1427 1341 1477 volui3
1374 1424 1450 1465 sed
1490 1426 1552 1465 bis
1588 1429 1690 1465 fru—

215 1503 304 1534 stra
346 1493 467 1533 aditu
501 1493 554 1534 ad
588 1494 692 1534 Mss.
735 1494 1026 1535 bibliothecae
1061 1494 1287 1535 Leidanae
1327 1495 1545 1547 expetito,
1596 1508 1688 1534 non

215 1562 329 1601 tanti
352 1560 480 1611 duxi,
513 1568 562 1601 ut
585 1563 766 1602 tertium
786 1562 873 1601 iter
900 1561 1056 1601 eodem
1081 1563 1362 1616 susciperem.
1424 1563 1576 1602 Cetera
1605 1571 1684 1614 ty-

215 1630 442 1684 pothetica
469 1628 599 1679 vitia,
632 1629 789 1682 quibus
821 1628 1060 1668 immanem
1091 1630 1139 1669 iu
1158 1628 1337 1669 modum
1363 1630 1584 1669 scatebant
1607 1630 1685 1670 illa

214 1699 270 1737 ab
304 1696 528 1737 clerico
561 1695 678 1735 edita
699 1694 899 1746 Scholia,
933 1703 1143 1749 quantum
1167 1698 1310 1741 licuit,
1335 1697 1515 1746 sustuli,
1548 1698 1682 1737 inter-

217 1763 323 1804 dum
357 1771 401 1803 et
422 1776 560 1819 pauca
591 1762 805 1819 quaedam
835 1771 1035 1815 corrupta
1059 1777 1114 1803 ex
1143 1767 1388 1815 conjectura
1426 1765 1684 1818 emendavi3

214 1831 292 1872 sed
312 1838 480 1872 restant
506 1838 552 1871 et
575 1832 661 1870 alia
681 1830 878 1870 nondum
907 1844 1009 1870 sana
1024 1862 1035 1881 ,
1068 1845 1179 1885 quae
1202 1832 1428 1871 festinatio
1464 1846 1554 1871 non
1575 1834 1681 1872 sivit

209 1899 466 1951 adtingere,
505 1912 648 1953 neque
682 1899 793 1938 tanti
828 1906 894 1938 est
915 1899 1000 1938 iste
1035 1897 1326 1949 scholiastes,
1358 1906 1406 1938 ut
1440 1913 1538 1938 cura
1570 1899 1680 1940 adeo

211 1968 431 2023 exquisita
477 1965 633 2018 dignus
664 1967 735 2006 sit.
805 1965 968 2006 Mirere
1013 1973 1187 2017 tamen,
1228 1969 1302 2020 qui
1338 1966 1592 2007 Clericus
1632 1970 1679 2008 in

211 2036 397 2090 epistola
429 2034 483 2075 ad
526 2032 852 2086 Graevium,
893 2032 947 2073 de
986 2047 1065 2073 sua
1104 2048 1206 2074 cura
1238 2037 1411 2086 1naj01·a·
1439 2034 1679 2089 praedicet,

208 2116 341 2158 quam
363 2102 601 2158 praestitit.
1635 2094 1646 2100 x

316 2237 406 2279 Sed
430 2253 510 2279 nec
533 2245 681 2279 nostra
699 2236 979 2279 scholiorum
1001 2252 1080 2278 nec
1100 2237 1274 2276 Luciam·
1299 2236 1435 2278 editio
1461 2240 1513 2279 ab
1538 2254 1674 2280 men-

205 2306 273 2349 dis
295 2315 362 2347 est
378 2308 542 2347 libera:
576 2306 660 2346 etsi
683 2307 801 2346 enim
821 2307 872 2346 ab
896 2308 992 2347 viro
1013 2308 1156 2360 perito
1187 2305 1339 2345 sedulo
1372 2317 1438 2345 est
1468 2317 1674 2367 correcta,

204 2384 308 2416 ante
338 2389 467 2430 quam
488 2373 543 2415 ad
570 2388 642 2414 me
664 2373 902 2427 specimina
933 2374 1357 2423 transmitterentur,
1398 2381 1548 2414 tamen
1581 2384 1674 2416 arte

206 2445 329 2484 nulla
359 2443 505 2483 caveri
534 2449 704 2496 potest,
737 2443 843 2494 quin
875 2442 1020 2495 aliqua
1050 2439 1295 2490 resideant,
1339 2449 1415 2482 vel
1441 2455 1550 2495 quae
1584 2457 1673 2481 no—

205 2518 341 2550 stram
360 2511 604 2562 legentium
625 2509 763 2549 aciem
785 2509 978 2559 effugere
992 2540 1001 2557 ,
1021 2509 1096 2548 vel
1114 2522 1224 2562 quae
1245 2521 1405 2563 operae
1430 2513 1669 2560 negligunt,

205 2579 488 2630 quantumvis
511 2578 720 2629 corrigas,
751 2575 797 2616 id
818 2575 934 2630 quod
956 2588 1007 2615 eo
1030 2576 1201 2614 facilius
1232 2576 1464 2626 contingi-c,
1497 2576 1670 2629 quando
1723 2585 1737 2595 '

201 2644 403 2698 praelum
433 2645 518 2684 alia
548 2646 596 2684 in
622 2646 729 2686 urbe
760 2650 1009 2693 exercetur,
1042 2657 1127 2697 quo
1152 2645 1316 2682 factum
1337 2651 1425 2691 est,
1459 2650 1506 2682 ut
1531 2645 1670 2683 semel

203 2718 377 2753 >tantum
409 2714 678 2766 perlustrare
710 2712 823 2754 mihi
837 2723 1064 2766 ‚quamque
1097 2711 1321 2766 plagulam
1347 2710 1544 2750 licuerit:
1583 2710 1666 2750 hoc
