1778 3194
446 241 477 271 E
548 240 574 270 P
643 241 661 271 1
731 240 753 269 S
822 237 852 268 Τ
925 237 956 267 Ο
1027 237 1056 267 1.
1125 237 1173 270 A,
1432 240 1530 278 CLX„

59 340 264 392 Graecis,
294 342 441 382 minus
471 339 743 391 singulorum
777 335 994 377 rationem
1013 338 1248 378 verborum
1272 337 1520 393 habuimus,

56 411 96 451 si
123 425 175 452 eo
210 422 371 462 genere
406 409 678 456 charactera,
711 418 841 459 quem
875 403 994 456 dixi,
1027 403 1209 460 adsequi
1235 409 1406 450 facilius
1438 424 1520 451 nos

55 479 184 536 pesse
207 472 724 533 sperabamus‚inprimis
740 472 796 511 iis
816 471 863 511 in
886 472 992 511 locis
1006 504 1016 523 ,
1038 474 1113 513 ubi
1130 474 1324 527 poeticas
1345 481 1523 520 formu-

53 549 134 598 las,
157 554 232 587 aut
254 559 409 587 versus
432 546 626 595 integros
651 540 819 578 Homeri
841 547 884 579 et
904 540 1104 593 aliorum,
1133 544 1425 600 parodiasque
1447 545 1520 590 ad-

59 629 127 667 e0‚
145 614 333 655 intexit:
366 610 481 667 quod
502 622 639 662 genus
659 608 736 647 vix
761 607 815 649 ad
832 610 1134 650 verbumlicet
1149 611 1414 666 exprimere,
1435 616 1523 657 nisi

56 681 238 738 putidus
261 682 358 725 fleri
386 680 522 728 velis,
563 685 607 716 et
631 690 711 731 pro
731 674 921 727 jucunda
950 678 1150 734 salsaque
1184 682 1383 722 oratione
1415 685 1522 725 lan...

51 749 233 804 guidum
252 756 296 789 et
314 750 487 788 fatuum
506 758 756 785 sermonem
779 743 978 787 reddere.

165 884 335 926 Servile
358 882 479 923 enim
498 879 608 920 illud
634 888 678 921 et
707 879 1085 922 interlineari
1116 882 1262 925 simile
1291 885 1520 943 interpre-

51 952 175 995 tandi
195 966 330 1005 genus
351 949 526 991 facilius
550 948 604 989 ad
621 961 781 1004 pueros
805 948 1162 1004 corrumpendos,
1194 966 1324 1007 quam
1345 954 1398 995 ad
1420 959 1520 997 sub-

49 1019 264 1062 levandos
282 1016 588 1073 iuvandosque
613 1017 730 1057 viros
749 1015 996 1072 pertinere,
1026 1018 1299 1068 judicamus:
1340 1030 1388 1061 ut
1409 1038 1522 1064 con-

48 1096 115 1129 tra
136 1088 258 1128 illam
284 1084 510 1127 Gallorum
540 1085 802 1141 praesertim
828 1086 1117 1138 quorumdam
1141 1087 1367 1129 licentiam
1391 1092 1519 1132 bonis

47 1154 190 1195 literis
209 1153 354 1194 fraudi
379 1167 474 1193 esse
496 1151 702 1204 dicimus,
736 1165 819 1205 qua
839 1165 943 1201 non,
976 1153 1081 1208 quid
1103 1155 1188 1195 sibi
1208 1157 1402 1198 voluerit
1424 1159 1520 1197 Lu*

47 1223 201 1272 cianus,
233 1222 463 1276 spectavit,
495 1229 544 1260 ut
562 1220 645 1261 hoc
665 1220 944 1276 potissimum
965 1220 1037 1260 hic
1059 1229 1182 1272 utar,
1211 1222 1519 1278 Ablancurtius,

51 1287 130 1329 sed
151 1286 257 1344 quid
280 1302 304 1328 a
326 1289 596 1328 mulierculis
617 1296 661 1328 et
684 1287 852 1327 cirratis
874 1288 1004 1328 facite
1026 1289 1122 1343 capi
1146 1296 1190 1330 et
1211 1293 1386 1344 probari
1407 1293 1519 1335 adeo

50 1363 214 1412 posset.
273 1354 513 1395 Voluimus
542 1369 643 1408 ergo
679 1355 1095 1409 interpretationem
1122 1366 1316 1399 nostram
1355 1360 1517 1400 Lucia-

48 1439 140 1462 neae
159 1423 363 1471 orationi,
398 1431 608 1477 quantum
636 1425 729 1473 ejus
754 1423 962 1477 consequi
981 1423 1222 1477 potuimus,
1247 1438 1344 1467 esse
1369 1428 1518 1469 simil-

45 1490 212 1532 limam.
282 1489 612 1531 Adnotationes
643 1490 902 1541 adjecimus,
953 1503 1043 1529 non
1075 1491 1232 1546 quibus
1261 1492 1440 1536 divitias
1468 1499 1519 1537 in

44 1556 129 1597 hoc
154 1570 316 1609 genere
346 1565 690 1609 ostentarenms3
730 1557 805 1597 sed
833 1556 991 1612 quibus
1009 1559 1083 1598 vel
1108 1560 1327 1602 rationem
1350 1563 1516 1605 redde-

0 1663 1 1666 ,
44 1638 193 1665 remus
215 1623 658 1681 interpretationis‚si
672 1637 722 1665 ea
743 1640 766 1665 a
788 1627 965 1677 vulgata
985 1626 1161 1678 legendi
1180 1630 1352 1669 ratione
1367 1630 1516 1673 disce-—

0 1688 1 1728 Ϊ
45 1691 193 1744 deret3
225 1694 301 1733 vel
322 1696 593 1745 conjecturas
618 1691 671 1731 de
697 1691 974 1732 emendando
999 1703 1223 1746 contexto,
1256 1711 1353 1737 cum
1379 1713 1516 1751 argu-

0 1755 1 1795 j
45 1760 210 1800 mentis
232 1760 373 1801 sicubi
400 1774 508 1817 opus
534 1759 783 1811 videretur,
816 1775 1184 1815 proponeremusg
1224 1766 1304 1804 veel·
1322 1765 1518 1821 denique

0 1820 2 1849 ³
44 1827 192 1868 lucem
212 1826 556 1868 adfunderemus
580 1829 708 1878 locis,
742 1841 852 1882 quos
878 1831 1084 1869 obscuros
1110 1830 1254 1871 videri
1286 1834 1419 1874 etiam
1442 1836 1516 1875 his

0 1895 2 1931 ἶ
43 1908 174 1950 posse
194 1897 469 1949 putabamus,
486 1896 561 1951 qui
584 1896 630 1933 in
644 1895 713 1935 his
736 1895 876 1935 literis
890 1899 975 1947 jam
996 1898 1143 1952 aliquo
1157 1912 1296 1953 usque
1318 1906 1516 1955 progres-

46 1961 84 2001 si
105 1968 221 2003 sunt.
282 1961 506 2017 Suspenso
527 1964 599 2002 hic
621 1963 882 2017 plerumque
905 1965 1052 2004 animo
1076 1967 1257 2015 suimus,
1291 1982 1389 2008 cum
1403 1982 1515 2009 sem-

43 2042 126 2084 per
153 2038 467 2079 metueremus,
501 2043 556 2068 ne
578 2044 629 2069 ea
652 2043 934 2084 poneremus,
956 2046 1067 2086 quae
1092 2032 1169 2072 alii
1186 2036 1274 2085 jam
1296 2049 1516 2090 occupas-

43 2104 166 2137 sent:
199 2096 512 2153 quodjquidem
532 2098 637 2137 satis
657 2110 788 2153 saepe
811 2097 1019 2138 accidisse
1040 2098 1188 2150 video,
1218 2108 1314 2141 tum
1333 2103 1379 2142 in
1400 2105 1512 2154 aliis,

0 2179 4 2209 ρ
45 2164 304 2212 Elsnerianis,
339 2173 388 2204 ut
410 2166 493 2204 hoc
517 2174 627 2210 utar,
662 2167 783 2217 cujus
807 2166 893 2206 viri
915 2165 1155 2208 doctissimi
1178 2168 1514 2213 observationes

44 2233 192 2272 nescio
216 2246 299 2288 qua
320 2246 418 2273 mea
443 2234 611 2272 incuria
628 2265 637 2282 ,
677 2234 752 2272 vel
773 2247 859 2287 quo
894 2247 994 2273 casu
1019 2235 1106 2275 alio
1127 2237 1279 2287 oculis,
1313 2251 1411 2279 cum
1429 2240 1515 2280 ista

42 2300 294 2351 scriberem,
325 2313 350 2340 a
373 2313 444 2340 me
464 2308 696 2355 usurpatas
723 2315 811 2340 non
830 2302 1149 2353 memineram3
1179 2312 1274 2344 tum
1295 2307 1515 2361 frequen-

41 2367 213 2408 tissime
239 2369 288 2407 in
320 2367 414 2418 his,
457 2381 568 2423 quae
601 2370 671 2408 vir
708 2368 987 2410 doctissimus
1037 2368 1220 2410 Moses
1262 2371 1512 2416 solanus

45 2443 365 2476 commentatus
397 2443 477 2475 est.
544 2435 686 2487 Hujus
718 2436 805 2479 viri
839 2440 1069 2478 observata
1107 2437 1217 2478 adeo
1248 2453 1380 2496 saepe
1411 2457 1510 2484 cum

43 2502 206 2542 nostris
229 2516 468 2555 congruere
499 2502 795 2559 deprehendi,
827 2515 1061 2561 postquam
1091 2506 1324 2548 emendata
1351 2511 1403 2549 ab
1430 2510 1510 2550 illo

43 2567 395 2626 interpolataque
427 2570 627 2612 Lucum
658 2572 967 2629 interpretatio
1001 2573 1054 2612 ad
1088 2587 1159 2614 me
1182 2576 1314 2617 missa
1341 2585 1427 2627 est,
1460 2584 1511 2615 ut

43 2633 267 2678 interdum
289 2639 535 2692 optaverim
557 2638 737 2694 pudoris
768 2642 858 2682 mei
881 2652 1029 2683 caussa
1046 2673 1057 2694 ,
1095 2656 1153 2683 ne
1182 2645 1345 2684 sactum
1375 2651 1507 2694 esset,

46 2700 163 2755 quod
193 2707 361 2760 optimo
380 2707 565 2750 consilio
590 2708 754 2751 factum
783 2709 917 2760 novi,
949 2710 1134 2752 utillud
1165 2720 1504 2754 monumentum
