1778 3194
9 2713 13 2767 3

9 2775 12 2792 Ι

10 2801 11 2818 1

9 2847 12 2868 Ι

545 212 633 245 IN
703 210 1137 254 som‚N1um.
1482 200 1579 248 183

105 315 166 365 B,
208 327 250 355 v.
280 314 346 358 56.
386 311 565 353 Bonan.
631 311 779 351 Tritus
808 325 889 350 usu
929 319 1114 351 veterum
1151 312 1408 352 versiculus:
1448 312 1498 351 ab
1525 326 1576 352 eo

25 379 28 418 ξ
71 414 83 420 ,
108 371 346 411 orationem
362 365 664 423 Ἀσκληπιάδας
686 382 863 408 exorsus
886 377 948 407 est
971 367 1144 408 Aristid.
1164 371 1212 410 T.
1233 369 1267 410 J.
1301 385 1342 423 p.
1366 375 1431 415 73.
1453 366 1579 422 εὐφή-

25 431 27 446 «

104 446 188 482 μως
211 427 408 467 dicebant
432 434 552 469 θεῖον
574 423 740 481 ὄνειρον.
799 425 1005 479 Aristoph.
1027 425 1137 465 Rau.
1162 439 1200 466 v.
1236 429 1357 471 1379.
1408 426 1496 476 “529
1527 424 1580 468 ἂν

102 491 221 527 θεῖον
244 485 403 539 ὄνειρον
426 480 650 526 ἀποκλύσω.
683 484 865 523 HEMST.
960 502 965 504 ·

216 541 317 582 Ead.
349 545 377 583 l.
406 546 445 584 7.
473 536 701 595 Ἐναργής)
731 537 947 577 Indicium
976 537 1061 578 hoc
1090 548 1152 579 est
1179 541 1336 579 somnii
1364 539 1576 579 divinitus

101 599 242 638 missi:
291 613 386 638 nam
418 607 554 637 cetera
585 595 750 635 somnia
791 596 932 635 minus
964 594 1114 637 vivida
1153 610 1241 636 esse
1281 597 1576 637 credebantur.

105 656 245 694 CLER.

216 712 366 754 Βαάλ.
389 717 455 755 10.
476 710 714 760 ”Εναυλος)
746 710 839 749 Hac
869 708 1059 750 dictione
1091 710 1247 763 passim
1279 711 1429 751 utitur.
1463 712 1580 752 ἔναυ-

100 773 169 819 λος
187 766 209 811 ὅ
232 768 343 818 ἐντὸς
361 773 429 822 τῆς
450 765 584 821 αὐλῆς.
606 766 706 810 ὅθεν
728 764 750 809 ὁ
772 766 892 822 λόγος
909 768 1075 816 ἔναυλος
1098 765 1118 809 ὅ
1141 767 1251 817 ἐντὸς
1272 766 1327 809 ὦν
1346 773 1417 820 τῆς
1440 764 1578 820 ἀκοῆςο

101 837 229 881 atque
250 826 361 865 hanc
379 840 527 865 vocem
550 826 611 864 sic
634 825 764 879 capit,
779 823 877 863 dum
895 824 956 862 ait
978 821 1159 878 σχήματά
1181 843 1247 877 μοι
1267 831 1347 866 τῶν
1366 826 1579 877 φανέντων

100 884 144 925 ἐν
165 888 247 931 τοῖς
267 880 500 935 ὀφθαλμοῖς
525 884 767 937 παραμένει,
799 892 881 921 etc.
913 882 1091 923 Bor-nn.
1151 881 1202 920 In
1224 882 1346 921 Galei
1370 882 1478 922 Con.
1506 880 1578 919 ad-

99 939 330 992 scriptum,
361 942 571 979 insonans:
604 937 819 992 quomodo
841 938 983 978 Bovtlz.
1008 938 1056 977 C.
1088 937 1164 978 Ph.
1189 939 1258 988 Π,
1291 939 1358 976 Pr.
1392 943 1429 982 3.
1495 937 1579 975 Ita-

98 1013 172 1050 que
199 1012 287 1035 cum
320 996 417 1035 haec
452 996 612 1035 auribus
640 998 821 1035 insonare
850 994 1042 1034 desierint.
1114 995 1251 1048 Quam
1282 994 1576 1044 Boni-(lelotius,

98 1051 273 1092 eandem
301 1053 472 1091 notavit
503 1052 624 1091 vocis
653 1051 1053 1105 interpretationem
1082 1052 1288 1092 Vorstius:
1320 1062 1454 1089 sumta
1478 1059 1580 1088 sunt

97 1122 151 1148 ex
173 1108 352 1148 Eustath.
378 1108 430 1147 ad
458 1108 583 1148 Iliad.
612 1112 663 1151 Φ.
703 1123 746 1163 p.
773 1113 893 1154 1236.
933 1123 973 1150 V.
1001 1111 1070 1152 52.
1095 1123 1218 1163 quem
1242 1108 1487 1148 Phauorz'nus
1507 1106 1579 1147 de·

98 1164 282 1218 scripsit.
311 1167 496 1206 Hnmsr.

211 1220 316 1261 Ibid.
359 1220 446 1264 Δύο
477 1225 691 1274 γυναῖκες)
721 1222 820 1262 Hoc
849 1222 1040 1261 Luciani
1073 1222 1309 1272 somnium,
1343 1236 1417 1262 seu
1447 1220 1577 1271 visio,

99 1278 306 1316 convenit
330 1293 425 1317 curn
455 1278 629 1317 Prodici
655 1279 732 1318 Cei
762 1278 990 1331 Sophistae
1024 1278 1251 1331 figmento,
1288 1292 1374 1332 quo
1404 1276 1583 1316 induxit

97 1333 373 1386 Voluptatem
401 1344 444 1373 et
469 1334 685 1374 Virtutem
720 1335 766 1373 in
796 1334 1035 1374 solitudine
1061 1335 1241 1374 Herculi
1275 1334 1415 1373 adhuc
1443 1347 1579 1388 puero

97 1390 364 1441 apparuisse,
398 1399 471 1440 ut,
504 1399 642 1429 utram
672 1393 821 1442 vellet,
854 1390 938 1429 sibi
971 1391 1169 1430 comitem
1198 1390 1312 1429 vitae
1337 1398 1580 1429 assumeret.

95 1445 239 1498 Hujus
252 1446 422 1484 Prodici
444 1443 680 1499 σύγγραμμα
695 1449 786 1501 περὶ
800 1445 1288 1500 Ἠρακλέουςλόηορῆοη
1307 1447 1378 1485 lib.
1392 1448 1578 1486 lWemor.
1622 1441 1635 1454 ”

95 1500 156 1541 Π.
185 1500 301 1539 citat.
333 1498 537 1541 Meminit
572 1502 757 1556 ejusdem
791 1503 980 1555 Quinctil.
1003 1504 1089 1552 IX,
1126 1508 1164 1545 2.
1195 1502 1328 1542 Cicero
1355 1502 1405 1542 de
1427 1502 1510 1541 Off.
1541 1502 1576 1542 Ῑ.

96 1567 138 1597 et
160 1556 212 1596 ad
235 1559 288 1598 L.
306 1558 517 1597 Luceium
540 1559 651 1612 Epp.
673 1559 749 1600 lib.
773 1560 826 1600 V.
882 1560 975 1598 Nec
997 1555 1215 1597 dissimilis
1237 1569 1298 1597 est
1318 1558 1480 1598 Christi
1503 1557 1578 1597 do-

98 1612 236 1653 ctrina
250 1612 299 1653 de
313 1624 427 1652 arcta
446 1623 488 1653 et
504 1617 590 1653 lata
611 1625 735 1668 porta
748 1616 1014 1656 MatekNII.
1035 1626 1076 1656 et
1089 1615 1358 1670 Pythagorae
1382 1615 1431 1654 de
1454 1615 1578 1653 litera

96 1669 292 1721 bicorni,
324 1669 375 1710 de
398 1685 476 1725 qua
498 1682 665 1724 praeter
682 1672 858 1726 Virgilii
877 1687 1043 1712 carmen
1070 1671 1281 1711 videndus
1303 1681 1364 1711 est
1384 1672 1576 1711 Laetam.

96 1726 173 1766 lib.
206 1726 288 1768 VI.
322 1741 355 1766 c·
385 1733 426 1771 3.
458 1732 500 1770 4.
529 1727 784 1767 Hesiodium
811 1728 977 1769 bivium
1018 1728 1200 1781 exponit
1229 1728 1354 1767 etiam
1383 1728 1500 1767 Plato
1529 1726 1576 1765 in.

97 1783 270 1836 Protag.
292 1793 334 1823 et
353 1783 403 1823 de
421 1784 516 1824 LL.
539 1785 614 1825 lV.
637 1799 714 1824 nos
734 1785 778 1822 in
801 1784 913 1824 libro
937 1794 1177 1824 nostrarum
1199 1784 1577 1838 Mythologiarum

99 1838 287 1878 secundo
307 1841 533 1879 Herculem
550 1840 812 1880 Prodicium.
876 1841 1001 1880 Silius
1028 1855 1156 1893 porro
1182 1840 1349 1880 Italicus
1367 1841 1461 1879 XV.
1493 1840 1577 1878 Xe-

99 1893 339 1947 nophontis
374 1895 621 1949 figmentum
663 1896 713 1935 ab
744 1899 929 1936 Hercule
966 1896 1018 1934 ad
1059 1897 1302 1949 Scipionem
1341 1895 1575 1935 transtulit.

101 1951 246 1989 Cocvs.
309 1952 465 1990 Totius
493 1953 753 1991 narrationis
782 1953 872 1991 sive
899 1957 972 1994 τοῦ
990 1953 1184 1993 ἐνυπνίου
1216 1951 1438 1991 exordium
1465 1967 1576 1989 sum-

99 2017 189 2046 tum
222 2021 243 2046 e
273 2007 437 2047 Prodici
462 2008 719 2061 Philosophi
752 2011 950 2048 Hercule.
1023 2008 1136 2047 Suid.
1179 2009 1224 2046 in
1257 2007 1382 2048 Prod.
1417 2008 1577 2061 aliique

97 2062 235 2104 multi.
296 2065 455 2103 Verum
480 2064 725 2118 figmentum
748 2064 855 2105 illud
878 2078 965 2103 non
984 2064 1176 2114 Prodico,
1209 2063 1280 2103 sed
1305 2064 1573 2117 Xenophonti,

102 2118 275 2172 quidam
299 2119 629 2173 adscripserunt,
655 2130 703 2158 ut
726 2120 807 2161 Cic.
829 2121 952 2174 epist.
978 2126 1041 2164 12.
1064 2120 1135 2159 lib.
1151 2121 1199 2159 V.
1224 2120 1275 2159 ad
1298 2123 1414 2160 Fam.
1438 2119 1576 2158 Scho-

100 2175 207 2215 liast.
248 2178 427 2216 Homeri
461 2175 513 2215 ad
547 2182 613 2220 14.
646 2176 799 2229 Odyss.
833 2178 1038 2216 Luc-ianus
1069 2177 1152 2216 hac
1182 2182 1404 2232 wogtech&
1433 2181 1472 2225 ὓ.
1505 2179 1572 2217 17.

101 2232 222 2270 :Male
240 2232 324 2271 hoc
344 2233 426 2273 illi.
485 2233 679 2273 Prodicus
705 2234 819 2273 enim
841 2233 968 2287 hujus
997 2243 1147 2272 auctor
1175 2234 1357 2286 primus,
1391 2242 1437 2270 ut
1457 2240 1576 2284 patet

103 2286 218 2340 apud
237 2288 375 2341 ipsum
388 2291 699 2343 Xenophontem.
732 2299 829 2342 post
847 2291 1028 2342 primum
1051 2300 1261 2328 auctorem
1291 2289 1365 2328 alii
1390 2287 1493 2325 illud
1511 2287 1574 2339 ip-

103 2358 195 2382 sum
224 2344 425 2397 tetigere,
458 2355 507 2384 ut
529 2346 653 2386 Max.
679 2348 770 2401 '1572
801 2361 919 2386 serm.
952 2351 991 2389 4.
1016 2347 1201 2385 'DZ-emisi.
1223 2344 1422 2399 Euphrati,
1453 2343 1571 2383 Orat.

103 2406 143 2443 ὃ.
165 2401 221 2438 D.
240 2400 371 2448 Bas-il.
392 2401 509 2440 Orat.
535 2401 587 2439 ad
608 2403 766 2455 Nepot.
798 2403 977 2443 Bonan.
1039 2403 1228 2442 imitatio
1250 2400 1447 2441 Herculis
1467 2399 1575 2438 Pro-
1634 2408 1640 2417 ‘

106 2455 198 2494 dici.
214 2454 263 2494 de
284 2470 368 2508 quo
385 2456 481 2495 vide
493 2458 674 2511 Xenoph.
694 2459 898 2499 Memorr.
921 2459 978 2499 II.
1003 2473 1043 2510 p.
1057 2463 1154 2501 429.
1177 2457 1317 2497 ed.St.
1343 2456 1421 2496 Cic.
1438 2455 1521 2495 Off.
1540 2456 1570 2506 Ῐ,

105 2516 172 2555 32.
196 2512 311 2551 Ouid.
336 2514 414 2552 ΙΙΙ.
439 2513 582 2553 Amor.
607 2520 642 2556 1.
666 2514 740 2553 Sil.
764 2514 857 2553 Ῑίαῖ.
879 2515 973 2553 XV.
996 2515 1124 2553 Bas-il.
1185 2516 1254 2553 De
1284 2517 1365 2568 leg.
1401 2514 1471 2552 Gr.
1499 2512 1572 2553 lib.

106 2568 248 2612 (Grot.
273 2567 336 2609 ed.
360 2568 458 2623 91.)
493 2570 658 2609 SOLAN.
722 2570 839 2623 Quin
863 2585 913 2610 ex
938 2572 1121 2610 Hercule
1145 2570 1319 2608 Prodici
1348 2568 1575 2624 delitigan·

107 2623 215 2661 tium
245 2624 356 2663 inter
381 2639 424 2664 se
441 2623 775 2679 Ἐρμογλυφικῆς
802 2636 844 2666 et
876 2629 1071 2674 Παιδείας
1100 2627 1208 2665 hanc
1237 2626 1462 2680 imaginem
1480 2626 1576 2665 Lu-

110 2681 247 2717 cianus
271 2683 538 2734 conceperit,
573 2681 738 2720 dubitat
759 2697 904 2732 nemo,
938 2683 1180 2736 passimque
1211 2681 1370 2722 eruditi
1399 2682 1480 2721 viri
1501 2696 1576 2720 no-

110 2742 270 2784 tarunt,
300 2737 477 2792 Dccusqzt.
498 2748 540 2778 et
559 2737 849 2779 Drakenborch.
870 2738 922 2778 ad
945 2739 1020 2778 Sil.
1044 2739 1246 2795 Ital.XV‚
1263 2744 1330 2783 20.
1353 2738 1390 2780 J.
1411 2739 1574 2778 Bar-nes.
