1778 3194
418 277 479 310 m
514 272 805 306 sumerum
840 269 1179 306 vocALIUM.
1435 252 1536 303 345

66 375 349 433 Zmaragdos
336 390 380 415 ιη
406 374 568 414 duobus
581 374 757 413 Lucretii
774 368 910 410 Codd.
929 370 1131 424 reperisse
1152 386 1195 412 se
1218 379 1395 411 testatur
1413 370 1538 410 Lam·

68 435 181 475 binus
202 435 253 474 ad
276 435 350 484 1V‚
377 437 497 476 1119.
526 433 568 469 in
592 430 791 483 Prwopcrtio
813 427 873 473 II,
900 432 961 471 13.
988 441 1026 467 v.
1049 433 1113 470 43
1148 428 1269 467 edere
1306 443 1392 467 non
1415 427 1539 466 dubi-

66 492 175 531 tavit
201 491 458 529 cultissimus
471 486 758 527 Brouklmsius:
787 482 928 522 invito
951 491 1059 521 certe
1072 483 1276 524 Prisciano
1300 494 1342 524 et
1360 487 1540 524 multum

67 550 320 587 reclamante
339 546 412 586 lib.
438 545 474 584 I.
506 559 546 610 p.
580 547 677 587 564.
718 541 750 580 S
781 555 931 595 quoque
957 551 1132 593 sequente
1152 557 1212 589 m,
1245 553 1307 590 ut,
1347 541 1539 596 Smyrna,

70 603 342 657 Smaragdus:
373 618 463 641 nam
486 603 622 640 vitium
636 599 821 660 faciunt,
854 598 960 649 quiz
991 607 1080 634 anic
1098 612 1136 634 m
1162 598 1346 637 scribunt.
1408 596 1544 651 quue

70 660 174 699 adeo
192 675 262 699 ve
265 674 342 696 um
361 669 447 707 est,
480 667 526 694 ut
551 665 802 695 vetustiores
830 652 1105 691 Grammatici
1127 652 1244 691 illius
1281 652 1392 706 apud
1414 654 1544 692 Lati..

70 730 148 755 nos
193 713 407 754 scribendi
456 712 585 752 moris
636 710 812 750 omnino
852 711 1011 747 nullam
1050 709 1232 749 fecerint
1271 712 1544 753 mentionem

70 773 256 813 Hmws‘r.

181 827 281 868 Ead.
314 831 339 867 1.
371 830 408 871 5.
441 822 670 879 Σμύρναν)
698 824 751 862 In
776 822 956 861 nummis
980 821 1197 875 hodieque
1218 837 1344 875 saepe
1366 828 1548 865 ZMYP.

72 886 169 926 ΝΛ,
238 886 283 923 v,
308 883 514 938 spanhem,
550 886 642 925 116.
677 894 826 934 quem,
867 894 962 935 cum
990 879 1095 920 haec
1126 879 1393 932 observaret,
1426 883 1546 920 locus

71 940 144 979 hic
174 955 257 979 non
280 941 422 979 latuit.
464 940 631 979 Soms.

185 995 277 1035 Eacl
311 999 340 1037 l.
356 1001 392 1039 6.
424 1000 486 1049 Τῷ
506 994 673 1049 ξῦ)Νοε
696 997 826 1049 vulgo
839 994 900 1033 Χῖ
917 1007 1132 1044 vocamus,
1155 1009 1249 1033 cum
1276 1004 1413 1034 tamen
1435 1001 1550 1034 recte

70 1071 161 1103 mu,
188 1062 229 1092 et
250 1069 300 1090 nu
319 1050 555 1091 efferamus.
622 1050 773 1101 Vides,
808 1049 913 1102 quid
937 1064 1035 1089 usus
1056 1051 1201 1091 faciat.
1227 1052 1394 1093 SOLAN.
1434 1051 1550 1089 Atti-

73 1111 158 1154 cis,
192 1122 232 1148 et
256 1108 425 1161 quidem
446 1109 571 1158 solis,
605 1116 667 1147 est
686 1107 908 1161 proprium
931 1105 1001 1155 ξὺν
1030 1107 1212 1147 scribere
1246 1121 1323 1159 pro
1348 1105 1422 1150 σύν
1438 1119 1448 1128 ·
1478 1120 1553 1146 ve-

73 1180 167 1204 rum
192 1165 264 1203 illa
294 1164 442 1205 literae
467 1164 707 1203 mutatione
737 1178 824 1202 non
856 1176 986 1215 aeque
1022 1178 1165 1202 omnes
1206 1164 1363 1214 Attici,
1396 1178 1474 1203 nec
1503 1163 1551 1202 in
1592 1186 1596 1192 ,

72 1221 222 1260 iisdem
255 1231 435 1259 utuntur
465 1219 697 1260 vocabulis.
761 1219 848 1272 Qui
881 1229 1064 1258 veterem
1093 1217 1267 1261 Ἀτθίδα
1297 1230 1468 1259 secutus
1488 1228 1554 1258 est

76 1275 341 1331 Rucydisles,
375 1278 557 1330 singulis
581 1274 887 1329 propemodum
912 1275 1038 1314 haber
1061 1276 1230 1330 paginis
1251 1276 1342 1327 ξύν,
1378 1273 1556 1329 ξυμβάλ-

75 1337 183 1382 λειν,
215 1336 498 1383 ξυντίθεσθαι,
529 1330 753 1386 ξύμμαχος,
786 1329 975 1384 ξυμφορὰ
1011 1341 1089 1372 etc.
1122 1333 1410 1386 Aristophanes
1427 1332 1556 1372 etiam

76 1388 162 1428 hoc
188 1392 322 1432 multo
352 1389 646 1442 frequentius,
680 1403 802 1442 quam
836 1390 1013 1427 alterum
1033 1388 1157 1429 illud.
1218 1390 1268 1427 In
1296 1389 1459 1429 Platone
1482 1403 1557 1427 au-

76 1453 184 1494 tem,
217 1445 472 1484 Demosthene
491 1455 617 1498 atque
643 1445 763 1492 aliis,
797 1444 872 1496 qui
897 1458 1047 1483 novam
1069 1454 1111 1483 et
1133 1446 1366 1484 emollitam
1386 1445 1559 1484 Atticae

78 1499 252 1539 dialecti
273 1502 450 1540 formam
472 1510 756 1552 usurparunt,
791 1510 957 1539 tantum
992 1514 1081 1538 non
1106 1515 1270 1553 semper
1293 1505 1407 1555 legas
1430 1501 1561 1542 συνιέ-

77 1573 172 1606 ναι,
206 1559 498 1606 συντίθεσθαι,
542 1556 744 1611 σύμμαχος
771 1566 851 1596 etc.
914 1556 965 1594 In
1000 1555 1215 1607 Sophistis
1248 1557 1560 1596 recentioribus

79 1622 198 1651 tanta
239 1612 411 1662 adparet
447 1613 492 1650 in
524 1622 747 1666 utramque
785 1620 943 1675 partem
980 1611 1195 1651 scribendi
1226 1612 1473 1662 diversitas,
1510 1620 1563 1650 ut

80 1678 194 1708 certa
211 1668 451 1732 quaedam
441 1668 544 1707 miri
566 1669 675 1707 ratio
699 1682 785 1707 non
819 1668 972 1721 possit.
1034 1666 1252 1708 Credibile
1285 1668 1456 1722 quidem
1480 1679 1559 1719 est,

81 1725 129 1763 in
150 1724 244 1763 istis
267 1724 378 1763 haud
404 1739 504 1764 sane
526 1725 669 1780 magni
688 1724 895 1763 momenti
916 1724 1114 1764 librarios
1137 1739 1158 1763 a
1184 1739 1279 1767 vera
1301 1725 1563 1779 scriptorum

81 1795 212 1821 manu
239 1781 409 1835 saepius
440 1781 670 1822 aberrasse:
704 1780 777 1820 sed
814 1781 864 1819 de
895 1779 1124 1831 Thucydide
1153 1781 1347 1820 dubitare
1377 1796 1455 1820 nos
1478 1781 1565 1820 Lu-

83 1840 244 1888 cianus,
279 1838 350 1876 cui
372 1838 614 1891 principum
637 1837 897 1879 Criticorum
925 1835 1243 1876 observationes
1277 1837 1485 1901 legendi„
1476 1837 1566 1874 fuit

85 1895 236 1946 copia,
270 1908 357 1932 non
382 1894 557 1946 patitur.
618 1890 974 1946 Quandoquidem
1000 1906 1100 1930 vero
1124 1893 1310 1945 asperior
1328 1903 1390 1932 est
1410 1889 1485 1935 τοῦ
1503 1893 1567 1937 Ξῦ

85 1949 403 2002 pronuntiatio,
418 1963 504 1988 non
529 1948 708 1988 absurde
732 1947 952 2000 conjecit
942 1947 1163 1987 Salmasius
1183 1948 1234 1986 de
1253 1949 1308 1989 L.
1333 1950 1389 1987 H.
1412 1964 1453 2002 p.
1466 1953 1564 1993 432.

89 2019 112 2043 a
131 2004 320 2043 barbaris
345 2014 386 2043 et
405 2004 667 2055 Thracibus,
702 2004 777 2057 qui
811 2003 995 2041 Atticam
1017 2004 1119 2041 olim
1153 2005 1453 2055 incoluerunt,
1483 2006 1568 2044 fre-

90 2061 359 2113 quentiorem
403 2061 552 2100 literae
594 2060 778 2099 durioris
808 2073 929 2097 usum
956 2060 1216 2101 remansisse.
1276 2061 1479 2100 Versatur
1518 2061 1567 2098 in

90 2115 345 2155 illustrando
366 2116 449 2155 hoc
470 2117 647 2157 Luciam·
675 2119 772 2155 loco
795 2125 836 2154 et
865 2113 1116 2168 quibusdam
1143 2116 1355 2169 proximis
1390 2116 1448 2155 H.
1471 2116 1568 2156 Sie-

86 2171 244 2226 phanus
263 2172 445 2214 Animm
464 2173 509 2210 in
535 2173 679 2213 Joann.
704 2171 879 2212 Gramm.
907 2185 945 2222 p.
968 2176 1033 2214 13
1066 2172 1250 2212 Hnmsr.
1312 2172 1572 2226 Scripsimus

93 2237 232 2267 autem
253 2228 351 2283 μηδὲ
370 2243 448 2282 pro
467 2231 586 2283 vulg.
607 2227 719 2282 μήτε.
744 2227 843 2268 Vid.
867 2226 974 2281 ad§.
996 2232 1033 2270 4
1056 2237 1096 2267 et
1116 2229 1236 2284 Nigr
1262 2229 1567 2272 c.27.L1311M.

207 2283 309 2325 Εαᾶ.
341 2287 368 2327 l.
397 2289 436 2328 9·
472 2287 722 2340 Μυρὂνας)
753 2284 917 2324 Notant
948 2284 1102 2324 Moeris
1119 2286 1249 2324 Attio.
1270 2285 1409 2326 Tkom.
1432 2285 1573 2337 Imagi-

95 2349 172 2379 εἰει·
187 2350 225 2377 et
239 2340 491 2394 Moschopul.
502 2343 769 2395 περὶΣχεδῶν
789 2355 831 2395 p.
845 2345 937 2384 140.
962 2340 1072 2380 Vide
1094 2341 1152 2382 Η
1178 2341 1363 2395 Steplzan.
1387 2340 1572 2380 Animm.

97 2395 150 2434 ad
173 2396 318 2436 Joann.
344 2395 516 2436 Gramm.
537 2407 580 2437 et
604 2397 778 2438 Corinflz.
806 2413 849 2452 p.
877 2401 942 2441 16
974 2399 1043 2441 55.
1103 2399 1155 2436 In
1177 2398 1445 2451 Aristophane
1468 2410 1575 2434 sem·

96 2465 173 2505 per
197 2455 410 2506 Μυῤῥὶναι
431 2453 698 2495 scribuntur:
730 2469 825 2493 nam
849 2451 994 2508 quod
984 2468 1028 2493 in
1052 2454 1202 2507 Equit.
1225 2468 1264 2493 v.
1283 2458 1349 2497 59.
1363 2455 1576 2508 βυρσίνην,

91 2517 144 2546 -et
177 2523 214 2548 v
243 2513 341 2553 447
382 2513 470 2549 Τῶν
487 2513 688 2564 Βυρσίνης
715 2515 788 2563 τῆς
802 2508 995 2560 Ιππίου,
1028 2509 1149 2563 quasi
1177 2524 1229 2549 ex
1250 2513 1444 2563 μυρσίνῃ,
1475 2508 1579 2547 ridi·

103 2565 189 2602 tuli
213 2579 359 2604 caussa
382 2564 552 2616 fictum,
583 2576 631 2605 ut
651 2565 757 2605 bene
780 2566 916 2608 Sclzol.
948 2566 1173 2619 exposuit,
1205 2565 1257 2603 ad
1281 2566 1457 2606 Cleonis
1485 2565 1580 2617 opi-

103 2618 248 2659 ficium
275 2630 316 2660 et
341 2619 497 2675 βυρσαν
515 2632 699 2674 spectat3
734 2623 777 2660 in
809 2638 893 2677 quo
921 2621 1093 2677 quidem
1113 2621 1323 2661 vocabulo
1342 2623 1468 2661 licere
1493 2619 1577 2658 sibi

103 2676 386 2716 mutationem
424 2679 538 2716 illam
586 2678 725 2716 Attici
767 2683 1013 2719 noluerunt.
1071 2677 1132 2718 Ad
1165 2679 1442 2730 posteriorem
1476 2690 1575 2716 vero

107 2730 275 2771 Comici
307 2736 448 2772 locum
478 2733 728 2785 referenda,
762 2749 869 2788 quae
891 2742 1097 2774 notantur
1120 2732 1168 2771 ab
1191 2733 1416 2789 Hesychio
1406 2748 1450 2773 m
1475 2737 1579 2786 Βυρ·

107 2789 235 2840 o‘a'vrg
313 2789 443 2844 Apud
487 2789 754 2845 Thucydidem
797 2792 965 2846 saepius
998 2789 1087 2845 legi
1124 2787 1280 2846 θάρσος
1320 2800 1361 2831 et
1398 2795 1577 2845 θαρσεῖν,
