1778 3194
442 241 525 273 in
596 238 1088 273 xrenixuis.
1400 226 1500 276 2355

36 340 164 381 „eckius
190 339 378 390 abunde,
412 340 537 379 etiam
557 355 578 379 e
596 339 799 393 Luciam,
830 338 1014 378 contulit
1033 337 1086 378 ad
1107 339 1360 380 sententiam
1381 353 1501 381 suam

37 411 184 452 vagam
205 396 480 451 probandam.
509 397 666 436 LEHM.

148 454 250 495 Eacl.
282 458 311 495 l.
343 458 380 496 9.
426 451 714 507 Προςάψαντες
729 449 803 505 τὴν
829 463 877 505 ψ.
898 461 976 492 ete.
991 452 1009 503 )
1038 452 1231 493 Animum
1250 454 1499 509 applicant&-

37 509 107 550 bus
124 514 330 551 memoriae
353 511 647 564 praeteritorum.
675 523 751 547 non
777 520 895 548 vacat
921 511 992 559 iis,
1026 527 1123 564 quae
1144 522 1232 548 sunl
1253 511 1501 565 antepedes:

39 566 142 619 quid
165 566 333 606 tandem
361 581 447 605 non
489 564 642 604 vacat?
675 579 727 602 an
760 562 972 616 ἀνιᾶσθαι,
1002 566 1180 604 molestia
1211 568 1355 621 affici?
1385 567 1500 606 nihil

35 621 119 661 hoc
136 622 187 661 ad
218 638 316 663 rem.
376 620 622 677 Legendum
653 617 720 662 ἆνε
724 627 858 672 ῖσθαι,
900 621 982 661 hoc
1015 631 1101 671 est,
1133 621 1312 661 relaoeari
1340 627 1498 673 animo,

34 679 322 730 praesentibus
345 678 536 732 objectis.
595 678 662 716 Ita
687 677 843 716 intenti
862 688 961 717 sunt
973 679 1049 728 iis,
1083 692 1189 731 quae
1207 680 1407 717 memoria
1430 694 1502 719 re-

36 736 198 785 colunt,
212 745 260 773 ut
281 734 393 773 nihil
408 748 478 773 eos
500 746 675 773 evocare
695 733 777 771 ab
766 734 819 772 iis
835 734 1172 789 cogitationibus
1190 735 1342 787 possit.
1365 736 1507 780 CLmz,

148 791 250 832 Ead.
278 795 307 834 l.
330 796 396 833 10.
424 788 504 831 Ἐν
522 797 641 839 τοῖς
627 791 813 840 ἐνποσὶ)
843 791 965 829 P1ius
987 792 1029 832 ἐν
1055 800 1190 830 vacat.
1223 791 1367 831 Bnon.
1415 793 1504 830 De-

34 849 74 887 le
93 848 210 900 prius
232 849 275 890 ἐν
297 856 339 886 et
345 847 638 914 interpretare
669 847 711 888 ἐν
740 848 833 888 ποσὶ
859 849 1092 901 praesentia.
1153 847 1353 887 Proverb.
1384 847 1501 889 Pincl.

37 904 204 956 Pythiis
226 902 310 942 Od
329 899 369 952 ἡ.
381 900 425 945 τὸ
447 903 489 945 δὲ
507 903 550 944 ἐν
574 905 672 944 ποσι
681 920 763 955 μοι
786 903 937 943 Anac».
963 906 1147 968 ξυλίνους
1167 900 1476 958 ἆσῖραγάλους’
1459 920 1503 946 εν

33 961 149 1009 ποσὶ,
180 958 410 1012 antepedes.
473 960 625 998 Terent.
650 958 833 1012 Adelph.
855 960 926 998 Sic
955 960 1110 1012 passim
1132 959 1244 1013 apud
1260 961 1502 1011 Lacaenam,

33 1026 85 1054 ut.
102 1015 147 1053 in
169 1015 301 1054 Dian.
329 1016 483 1055 Mortt.
499 1015 600 1054 XII.
622 1016 750 1055 XIII.
767 1015 926 1055 Contra
949 1018 990 1058 ἐκ
1010 1019 1173 1066 ποδων,
1207 1026 1255 1054 ut
1278 1017 1322 1054 in
1343 1017 1500 1058 Piscat.

30 1072 69 1126 ς.
93 1076 159 1115 32.
180 1081 222 1110 et
241 1071 395 1124 passim
417 1070 533 1109 alibi.
564 1072 742 1110 Bonan.
802 1072 1082 1112 Rom-deletum
1100 1072 1212 1111 delet
1233 1073 1415 1125 primum
1443 1075 1502 1115 ἐν·

34 1129 94 1166 ita
113 1138 156 1168 et
173 1137 272 1166 ante
291 1142 386 1166 eum
408 1127 514 1165 fecit
531 1127 771 1167 Βιότῑαειις
760 1143 805 1166 m
826 1129 1013 1168 Miscell.
1033 1129 1112 1168 IX.
1134 1143 1168 1168 c.
1192 1134 1232 1173 6.
1281 1129 1375 1183 Ego
1399 1143 1504 1169 vero

32 1184 255 1223 Luc-lanum
275 1183 495 1236 scripsisse
514 1184 734 1233 existimO,
769 1186 831 1226 ἐπὶ
858 1191 943 1232 τοῖς
961 1186 1003 1226 ἐν
1021 1186 1145 1226 ποσὶν
1162 1183 1370 1227 ἀνιᾶσθαι.
1404 1188 1507 1239 pla-

35 1254 86 1279 ne
106 1250 154 1277 ut
177 1240 221 1276 in
244 1240 459 1278 Mortuor.
482 1239 656 1307 Dialog.
693 1240 816 1281 XIII.
852 1238 966 1282 Ου’τω
985 1239 1062 1296 γάρ
1084 1239 1134 1282 ἆυ
1161 1240 1296 1295 παύσῃ
1322 1243 1388 1284 ἐπὶ
1416 1248 1504 1291 τοῖς

28 1293 234 1348 'Aemi-ors
221 1296 332 1344 ’λους
372 1291 546 1364 ἀγαθοῖς
589 1291 830 1365 ἀνιώμενος·
864 1296 910 1334 in
959 1297 1143 1365 Apolog.
1186 1312 1263 1351 pro
1299 1298 1504 1338 Mercede

35 1351 170 1393 Cond.
193 1366 227 1390 c.
252 1355 315 1395 15.
337 1353 416 1392 Καὶ
448 1349 502 1403 μὰ
533 1348 600 1392 Δί’
625 1350 718 1394 οὐδ’
738 1354 801 1395 ἐπὶ
831 1350 959 1406 τούτῳ
978 1349 1178 1394 ἀνιᾶσθαί
1198 1372 1271 1407 μοι
1291 1353 1420 1404 α’ξιον
1452 1354 1502 1392 in

32 1409 114 1448 Pro
135 1410 257 1459 lapsu
278 1408 389 1447 inter
408 1411 530 1446 salut.
566 1422 602 1446 c.
626 1414 663 1451 1.
682 1406 766 1457 Ως»
784 1407 839 1462 μὴ
872 1409 981 1450 πάνυ
1006 1407 1188 1462 ἆνιώμην
1206 1411 1269 1452 ἐπὶ
1289 1428 1342 1466 τῳ
1363 1413 1502 1452 πταίσ-

32 1481 137 1518 ματι.
169 1463 214 1500 in
239 1462 288 1501 de
311 1463 532 1502 Conscrib.
564 1453 762 1503 Historia
786 1480 818 1506 c.
848 1470 916 1509 38.
963 1465 1083 1518 Μήτε
1098 1454 1363 1520 Ἀλέξανδρος
1385 1464 1501 1509 vivae}-

32 1535 139 1563 σεται
159 1519 224 1560 ἐπὶ
243 1525 290 1574 τῇ
318 1522 487 1560 Κλείτου
509 1526 656 1588 σφαγῇ,
690 1520 734 1557 in
760 1521 833 1559 Bis
862 1522 1072 1560 Accusato
1094 1536 1127 1561 c.
1156 1528 1218 1565 11.
1283 1525 1362 1564 Καὶ
1378 1519 1504 1575 ἠνιώ-

31 1593 110 1630 μην
129 1577 193 1618 ἐπὶ
211 1592 258 1630 τη
285 1581 359 1617 τοῦ
376 1572 568 1642 πώγωνος
595 1573 809 1629 ὁιιοιότητι.
842 1577 886 1614 in
908 1576 959 1617 de
979 1578 1223 1629 Gymnasiis
1249 1594 1337 1631 cap
1359 1585 1424 1623 38.
1448 1578 1503 1620 E.

24 1631 157 1690 Ὀρᾷς
186 1633 356 1686 μητέρας
381 1626 530 1702 ἆνιωμε
522 1634 606 1681 ’νας
636 1634 701 1701 ἐπὶι
725 1640 809 1682 τοῖς
842 1635 1102 1701 γιγνομένοις.
1133 1644 1174 1673 et
1212 1635 1256 1673 in
1288 1635 1502 1705 Epistolis

0 1675 327 1729 Saturnalibus
352 1703 384 1729 e.
407 1693 474 1731 20
489 1681 642 1731 Ηττον
675 1687 725 1730 (ἓν
745 1692 787 1730 εὑ
819 1691 908 1731 ἴσθι
934 1687 1143 1743 ἠνιωμεθα
1175 1688 1225 1732 οἶν
1246 1689 1312 1733 ἐπ’
1344 1688 1503 1740 αὐτοῖς.

0 1747 154 1791 Patet
173 1745 338 1784 auctori
361 1754 507 1785 nostro
529 1745 751 1798 placuisse,
784 1760 873 1785 eam
893 1746 1254 1800 praepositionem
1280 1750 1358 1799 ἐπὶ,
1391 1762 1503 1802 quae

0 1794 134 1841 'alias
165 1803 272 1839 solet
302 1800 467 1850 omitti,
501 1815 624 1854 saepe
655 1800 817 1843 addere.
851 1802 976 1843 szs.
1047 1807 1137 1851 Τοῖς
1167 1805 1210 1846 ἐν
1232 1807 1352 1847 ποσὶν
1374 1804 1438 1846 ed.
1458 1804 1500 1846 J.

31 1857 97 1896 uti
132 1856 314 1896 Vorstius
342 1855 613 1904 emendabat,
646 1871 732 1895 non
762 1867 810 1895 ut
831 1857 873 1894 in
908 1859 1109 1911 reliquis,
1142 1861 1186 1900 ἐν
1213 1867 1298 1909 τοῖς
1322 1863 1364 1904 ἐν
1390 1877 1430 1902 π.
1449 1870 1502 1900 ut

0 1913 154 1961 Jensii
172 1912 467 1951 emendatione
489 1927 595 1965 opus
620 1927 705 1951 non
731 1913 798 1954 sit,
833 1913 999 1955 SOLAN.
1041 1915 1085 1953 Si
1106 1919 1144 1963 §-
1164 1921 1232 1958 21.
1253 1918 1364 1955 vitio
1384 1926 1502 1955 caret:

33 1973 150 2024 γελᾷν
169 1968 210 2010 ἐν
227 1974 308 2016 τοῖς
324 1969 586 2022 γιγνοιιένοις,
616 1968 729 2007 nihil
748 1978 810 2007 est
834 1983 1015 2019 caussae,
1050 1985 1123 2009 cur
1139 1972 1210 2010 hic
1234 1973 1406 2012 tolerari
1425 1986 1503 2011 ne·

34 2033 159 2079 queat
181 2021 413 2066 ἀνιᾶσθαι)
396 2041 439 2065 ev
457 2030 540 2071 τοῖς
562 2035 642 2065 etc.
664 2038 807 2064 verum
830 2026 1063 2080 utrobique
1092 2027 1388 2082 corrigendum
1410 2043 1499 2068 cie-

34 2084 88 2119 do
111 2082 199 2129 ἐπὶ,
230 2090 355 2134 atque
376 2079 479 2120 adeo
505 2081 627 2120 Jcnsii
648 2084 915 2132 conjecturae
934 2081 1100 2121 idoneis
1124 2085 1327 2137 exemplis
1349 2085 1499 2123 muni-

7 2146 102 2189 ¹tae
131 2136 365 2178 subscribo.
426 2138 548 2177 Arm
582 2137 924 2182 Phacum-196.
967 2140 1092 2191 φαίης
1122 2156 1191 2181 κεν
1228 2138 1402 2190 &mol-§av
1431 2142 1498 2183 ἐπὶ

7 2192 155 2234 λπαιδί
190 2192 349 2231 Contra
369 2192 439 2245 Ap
444 2193 563 2235 allon.
581 2192 664 2235 Rh
687 2194 762 2244 IV,
782 2198 878 2237 997
891 2198 1084 2248 -φαίης
1102 2213 1205 2237 neve
1191 2197 1271 2246 ἑοῖς
1292 2199 1355 2239 ἐπὶ
1379 2200 1497 2239 παισὶ

35 2248 247 2303 γάνυσθαι.
270 2249 353 2298 ΙΙΙ,
377 2254 472 2293 643.
489 2245 566 2291 Εν
596 2260 638 2289 et
661 2251 724 2291 ἐπὶ
752 2250 997 2290 creberrime
1027 2255 1203 2291 alterum
1230 2255 1403 2292 alterius
1427 2254 1497 2292 in·-

34 2303 154 2343 vadit
187 2306 340 2342 locum.
371 2305 489 2345 Dial.
520 2307 653 2344 Mort.
684 2306 866 2346 XXVII.
893 2312 930 2357 (j.
954 2313 991 2351 6.
1014 2307 1234 2362 ἐτερπόμην
1271 2312 1314 2352 ἐν
1335 2305 1498 2357 αὖτοῖςζ.

32 2361 213 2401 HEMST.
260 2358 431 2397 Etiam
419 2375 465 2398 m
484 2360 565 2400 hoc
585 2362 718 2400 Dian.
740 2364 1009 2403 Mortt.1oco
1031 2364 1137 2402 mihi
1160 2366 1327 2418 quidem
1349 2369 1496 2420 legen-

33 2416 131 2455 dum
151 2415 355 2454 videtm’
338 2414 556 2470 ετερπὸμην
575 2416 640 2460 ἐπ’
662 2416 813 2468 αὐτοῖς,
846 2419 961 2473 quod
980 2420 1137 2459 habent
1162 2421 1245 2460 duo
1268 2421 1387 2463 codd.
1390 2398 1497 2466 ”Pa-

33 2472 124 2513 riss.
144 2481 186 2511 et
205 2472 475 2511 Schmiederus
494 2476 665 2526 recepit.
713 2477 842 2525 Loca,
875 2490 982 2529 quae
1004 2477 1065 2514 ibi
1087 2476 1399 2517 Hemszemlusius
1419 2477 1493 2517 ad-

34 2528 115 2567 fert
135 2527 186 2566 ad
206 2527 409 2566 tuendum
431 2529 494 2579 ἐν,
528 2530 633 2569 levis
654 2541 754 2569 sunt
771 2531 997 2584 ponderis,
1031 2542 1072 2571 et
1093 2534 1244 2585 quibus
1264 2534 1495 2573 Aba-schi-

34 2600 79 2622 us
99 2584 234 2622 utitur
255 2584 300 2622 in
321 2584 498 2623 similem
532 2585 656 2624 finem
685 2587 938 2627 Animadvv.
960 2589 1011 2626 ad
1035 2589 1231 2642 AeschyL
1264 2605 1353 2643 p.
1330 2595 1423 2634 074
1445 2600 1493 2630 et

34 2643 130 2684 424.
159 2649 200 2678 et
227 2640 394 2682 Dilucc.
420 2640 556 2691 Thuc.
581 2656 622 2694 p.
650 2648 742 2687 796
763 2658 824 2697 sq.
856 2653 1007 2683 temere
1040 2656 1138 2684 sunt
1166 2657 1408 2686 coacervata
1445 2655 1493 2685 et

38 2695 274 2744 commixta,
299 2705 348 2734 ut
367 2711 558 2752 magnam
580 2698 662 2737 viri
683 2701 907 2739 lectionem
927 2699 1159 2751 admireris,
1190 2702 1398 2755 judicium
1417 2702 1490 2742 de·

36 2750 205 2791 sidetes.
261 2751 314 2793 In
343 2752 425 2793 hoc
455 2763 601 2794 nostro
632 2757 729 2796 loco
758 2756 860 2813 quin
890 2756 954 2799 ἐπὶ
985 2757 1280 2814 corrigendum
1311 2759 1368 2800 sit
1391 2772 1485 2801 cum
