1778 3194
185 253 286 300 380
541 257 1295 291 ADNOTATtotsEs

187 367 230 406 δε
249 361 325 416 γὰρ
346 360 443 409 ἴσως
464 368 540 400 etc
571 376 612 397 m
630 373 705 412 quo
729 375 816 398 cum
837 359 1000 398 La‘e'vtio
1024 362 1214 400 consentit
1235 358 1378 402 Plato.-
1414 372 1505 400 noem
1529 360 1648 417 Cyrus

187 436 261 460 zea*
282 419 484 458 Pet-Asanam
513 415 653 455 Sardis
680 419 871 468 ingressus
897 427 952 455 est
980 419 1107 455 iictor
1137 419 1250 456 annis
1282 417 1412 457 decem
1435 429 1646 473 postquam

183 474 430 531 Epimenides
450 472 581 512 urbem
602 472 781 513 Athenas
803 484 1051 528 pw·⁰c1ver.at
1102 473 1314 513 Callidum
1344 474 1495 527 utique
1527 489 1647 514 com-

183 542 396 580 mentum,
431 530 501 570 sed
536 530 671 585 quod,
704 530 740 568 si
770 544 948 594 propius
981 529 1204 582 inspicias,
1243 531 1287 569 in
1309 530 1477 569 irritum
1508 530 1645 571 cadit.

182 590 365 644 primum
390 590 574 626 calculos
599 589 702 626 male
735 587 881 639 posuit
896 586 961 625 vir
983 585 1197 634 eruditu53
1239 602 1315 640 pro
1349 587 1488 627 decem
1524 587 1646 626 annis

187 646 365 685 dixisset
386 642 663 697 Olympiadas
692 643 856 693 decem,
898 644 1204 682 remitteiemus
1242 657 1449 683 annorum
1481 645 1650 697 aliquot

187 700 481 755 dispendium;
519 713 761 753 quanquam
791 715 840 739 eo
875 709 999 753 pacto
1032 708 1168 738 totum
1202 700 1310 739 illud
1347 700 1528 740 Platonis
1552 715 1646 740 cum

182 761 359 812 Diogene
380 756 639 797 conciliandi
660 756 887 797 remedium
919 766 1155 796 evanescat.
1217 756 1414 807 Deinde,
1456 772 1650 799 commu-

182 817 231 855 ni
254 829 368 853 nunc
385 815 533 864 etiam,
572 812 645 852 sed
675 813 858 867 pessimo
888 823 1026 852 tamen
1046 813 1171 852 nimis
1203 814 1517 855 inconsiderate
1540 814 1651 854 scri·-

181 873 378 913 bentium
408 871 532 919 vitio,
568 872 612 908 in
636 885 686 910 eo
706 880 854 923 peccat
877 870 1070 923 gravius,
1105 870 1219 921 quod
1246 882 1342 923 post
1365 871 1503 924 posita
1526 886 1651 924 quae·

183 928 276 968 dam
312 927 562 981 philosophi
592 928 718 966 verba
749 927 1003 966 sententiam
1032 926 1169 977 dicat,
1211 942 1263 968 ne
1295 928 1419 969 lectis
1451 928 1647 981 quidem,

181 986 341 1025 nedum
371 984 613 1037 perpensis,
655 998 762 1036 quae
782 984 988 1051 proxime
1024 995 1366 1037 consequuntur·
1407 986 1474 1027 καὶ
1504 982 1552 1038 δὴ
1585 986 1654 1027 καὶ

181 1042 450 1109 φοβουμένων
471 1041 541 1082 τὸν
566 1038 768 1094 Περσικὸν
782 1036 1023 1093 Ἀθηναίων
1044 1039 1204 1093 στόλον,
1233 1041 1343 1084 εἶπεν
1368 1039 1428 1085 ότι
1456 1043 1551 1084 δέκα
1578 1042 1650 1094 μὲν

181 1100 280 1141 ἐτῶν
303 1115 375 1149 ουχ
395 1096 582 1167 7],ξυ··υσιν
625 1095 719 1138 όταν
752 1097 793 1139 δὲ
815 1098 1009 1146 ἔλθωσιν,
1053 1094 1402 1153 ἀπαλλαγήσονται
1428 1097 1653 1153 πράξαντες

184 1152 303 1198 οὐδὲν
327 1158 385 1196 (ὃν
405 1154 588 1206 ἠλπιζψ,
621 1151 825 1202 παθόντες
846 1151 923 1195 δὲ
904 1173 929 1207 η
962 1151 1180 1208 δράσαντες
1205 1158 1324 1197 πλείω
1353 1154 1474 1196 κακά.
1530 1156 1650 1195 Haec

183 1212 291 1265 quin
313 1213 363 1251 ad
390 1209 646 1250 Mardonii
635 1225 679 1248 m
704 1211 883 1260 Ioniam,
908 1209 1132 1249 Thraciam
1154 1226 1200 1249 ac
1225 1212 1543 1260 Macedoniam,
1578 1221 1649 1250 aut

180 1269 330 1322 potius
354 1269 480 1307 Datis
503 1277 545 1306 et
567 1267 849 1320 Artaphernis
873 1243 916 1305 in
946 1267 1132 1305 Atticam
1161 1267 1483 1332 expeditionem
1514 1269 1651 1320 perti-

178 1335 336 1376 neant,
376 1326 520 1363 nullus
556 1333 618 1363 est
652 1323 882 1363 dubitandi
913 1327 1057 1362 locus:
1110 1324 1246 1377 igitur
1276 1324 1392 1363 Plato
1422 1324 1652 1364 intercedit

179 1384 286 1433 ipse,
318 1398 370 1422 ne
393 1379 471 1434 πρὸ
490 1384 570 1422 τῶν
595 1384 797 1434 Περσικῶν
814 1381 1092 1432 explicemus,
1126 1392 1333 1436 antequam
1355 1381 1527 1421 Persae
1512 1398 1553 1419 m
1576 1382 1654 1437 Iy-

179 1439 291 1478 dinm
308 1442 491 1487 imit-,eni
525 1439 763 1490 statuitque
778 1441 915 1489 plane,
949 1437 1249 1488 Epimenidem
1270 1436 1450 1476 Athenis
1464 1437 1652 1478 adfuisse

181 1496 373 1535 secundo
403 1495 587 1534 teitiove
624 1509 736 1533 anno
770 1495 842 1535 Ol.
863 1494 1072 1534 LXVIII
1099 1493 1181 1533 hoc
1205 1504 1282 1544 est,
1315 1509 1388 1533 sex
1408 1504 1451 1533 et
1471 1494 1651 1547 triginta

176 1556 276 1616 plus
300 1553 440 1590 minus
465 1551 589 1590 annis
611 1560 708 1603 post
731 1561 959 1601 occupatas
982 1564 1004 1587 a
1027 1550 1145 1602 Cyro
1163 1550 1338 1598 Sardes,
1373 1560 1465 1599 aut,
1500 1550 1536 1588 si
1566 1565 1650 1590 ma·

177 1610 260 1659 vis,
294 1608 370 1648 sub
397 1608 570 1646 initium
593 1607 766 1659 Olymp
792 1606 929 1646 LXX.
954 1616 1042 1643 tum
1063 1616 1278 1658 praeteiea
1290 1607 1371 1647 III.
1392 1607 1484 1648 LL.
1498 1621 1538 1659 p
1552 1611 1649 1651 804.

178 1666 237 1704 D.
271 1665 486 1721 hospitem
519 1665 639 1703 illum
674 1663 982 1701 Atheniensem
1014 1661 1075 1700 ita
1110 1665 1356 1716 loquentem
1388 1664 1520 1702 facit.-
1557 1658 1648 1716 AQ’

179 1719 319 1772 οἷσθ’,
351 1723 382 1762 εἴ)
406 1723 593 1770 Κλεινία,
625 1718 696 1762 τὸν
723 1723 915 1760 ΦΙΛΟΝ
941 1717 1001 1760 ὅτι
1026 1719 1240 1773 παρέλιπες
1268 1717 1337 1760 τὸν
1363 1724 1656 1762 ΑΤΕΧΝΩΣ

184 1782 341 1821 ΧΘΕΣ
356 1778 500 1832 γενόμε
485 1788 601 1820 νου
645 1778 680 1815 is
703 1774 981 1828 Epimenides
1012 1784 1098 1823 est,
1145 1785 1192 1813 ut
1209 1790 1309 1814 mox
1341 1785 1471 1828 patet.
1534 1778 1652 1817 Haec

179 1850 261 1889 pro
290 1845 487 1874 notarum
516 1833 692 1873 modulo
722 1829 967 1870 sufficiunt:
1011 1845 1108 1870 nam
1130 1830 1181 1871 de
1199 1831 1479 1883 Epimenide‚
1514 1833 1654 1887 deque

181 1903 396 1945 tempore,
430 1891 499 1929 cui
519 1890 636 1929 Plato
660 1887 1036 1927 confabulationes
1057 1887 1159 1926 istas
1184 1886 1235 1928 de
1254 1888 1420 1942 legibus
1450 1890 1652 1945 illigavit,

180 1949 357 2002 longior
384 1956 447 1987 est
476 1944 737 2000 disputatio
772 1959 894 1998 quam
917 1954 965 1982 ut
993 1943 1111 1983 hisce
1139 1945 1333 1983 terminis
1362 1945 1652 1986 circumscribi

181 2006 334 2059 possit.
393 2005 525 2043 Pono
544 1963 665 2058 lquod
689 2001 890 2041 Pluton-‚elz
911 2010 1052 2039 nairat
1075 1999 1127 2040 de
1148 2001 1202 2042 Is.
1224 2011 1273 2040 et
1293 2001 1404 2041 Osir.
1428 2016 1469 2056 p.
1491 2009 1585 2048 378.
1597 2005 1648 2044 E.

189 2061 347 2116 Φούγες
367 2062 408 2104 δὲ
425 2059 496 2102 τὸν
513 2059 614 2102 θεὸν
637 2055 816 2111 οἰόμενοι
837 2074 1033 2126 χειμωνος
1052 2054 1279 2109 καθεύδειν,
1310 2060 1463 2113 θέρους
1478 2059 1551 2102 δ’
1537 2062 1649 2114 ε’-γρη

182 2119 361 2186 γορέναι,
392 2116 480 2160 τότε
499 2118 571 2170 μὲν
599 2113 920 2168 κατευνασμοὺς,
960 2112 1049 2156 τότε
1070 2115 1113 2155 δὲ
1140 2113 1365 2170 ἀνεγέρσεις
1392 2115 1653 2170 βακχεύοντες

182 2171 293 2232 αὐτῷ
310 2173 565 2224 τελοῦσιν,ἰά
586 2171 759 2228 quidem
780 2186 877 2211 vere
899 2170 1149 2225 Phrygium,
1165 2181 1208 2211 et
1221 2172 1412 2223 istorum,
1429 2187 1534 2225 quos
1557 2175 1650 2226 ipsa

182 2242 335 2272 natura
370 2245 504 2284 paene
541 2230 689 2268 brutos
722 2228 899 2266 finxerat
930 2237 972 2267 et
1005 2241 1176 2278 servos,
1219 2229 1396 2282 ingenio
1448 2229 1648 2283 dignum:

184 2288 302 2343 quod
322 2288 585 2328 Demochares
607 2284 719 2339 apud
736 2286 882 2324 Athen.
904 2285 1027 2338 VIp
1033 2286 1160 2354 3253·
1183 2284 1230 2326 C
1253 2285 1305 2324 de
1324 2285 1490 2337 abjecto
1515 2286 1654 2325 Athe-

183 2345 401 2384 niensium
423 2359 520 2398 erga
552 2341 820 2382 Demetrium
852 2340 1020 2390 studio,
1055 2338 1293 2393 ὀρχούμενοι
1323 2345 1390 2384 καὶ
1420 2340 1650 2414 ἐπᾴδοντες,

185 2419 241 2450 ως
261 2404 321 2455 εἴη
343 2419 466 2469 μονος
484 2399 582 2450 θεὸς
604 2396 819 2452 ἀληθινὸς,
859 2399 901 2439 οῖ
921 2393 965 2438 δ’
988 2395 1099 2438 α’λλοι
1118 2397 1415 2450 καθεύδουσιν,
1446 2399 1474 2452 ἢ
1499 2397 1650 2452 ἀποδη-

184 2457 333 2511 μοῦσιν
360 2457 389 2511 ἢ
418 2476 492 2500 ουκ
523 2458 611 2505 εἶσὶ,
641 2457 905 2495 luculentum
929 2454 1141 2506 pristinae
1174 2456 1352 2495 virtutis
1377 2456 1421 2494 in
1455 2454 1649 2495 foedissi'.

185 2529 294 2554 ,mam
325 2514 613 2554 adulationem
641 2526 783 2552 versae
813 2511 1042 2564 specimen.
1103 2511 1372 2552 Probabilius
1403 2521 1445 2552 et
1471 2511 1649 2564 figurate

187 2570 417 2610 dormitare
445 2573 564 2610 Deos
597 2577 939 2623 conquerunturj
982 2577 1025 2608 et
1046 2570 1131 2608 alto
1160 2573 1275 2609 velut
1297 2582 1451 2622 sopore
1474 2568 1648 2608 obrutos

186 2642 325 2667 rerum
346 2628 623 2667 humanarum
645 2639 785 2666 curam
810 2624 1105 2675 intermittere,
1139 2624 1311 2680 quando
1331 2623 1450 2663 malis
1474 2639 1559 2664 non
1584 2626 1649 2663 in-

186 2693 382 2737 terrupto
406 2684 626 2725 felicitatis
647 2696 773 2722 cursu
792 2681 898 2721 bene
917 2692 1001 2732 est,
1039 2680 1137 2721 dum
1161 2682 1265 2722 boni
1289 2696 1375 2720 non
1402 2695 1648 2721 communes

188 2749 356 2779 tantum
379 2756 611 2792 aerumnas,
646 2739 719 2780 sed
743 2739 920 2778 istorum
942 2738 1069 2778 etiam
1091 2739 1268 2793 injurias
1286 2737 1453 2792 perpeti
1489 2752 1648 2792 cogun-

192 2806 260 2835 ττνῑ·
282 2808 323 2835 ct
348 2796 584 2839 exhaurite.
645 2796 773 2839 Sicin
797 2795 1128 2852 Epigrammatej
1160 2794 1274 2854 quod
1296 2795 1492 2836 Backceus
1513 2793 1649 2835 edidit
