1778 3194
208 337 860 376 SCRIPTISQUE
946 339 1367 372 LUCIANI.
1433 343 1521 375 XIX

166 436 373 478 Lucianus
396 436 741 488 Samosatensis‚
774 444 1063 488 cognomento
1089 438 1398 493 blasphemus,
1425 441 1524 482 sive

54 506 310 556 maledicus,
342 513 415 546 aut
439 505 594 544 atheus
615 504 762 559 potius
786 503 1048 559 adpellatus,
1080 517 1133 544 eo
1153 506 1269 560 quod
1292 508 1340 547 in
1361 506 1524 549 Dialo—

57 575 122 627 gis
146 576 236 614 suis
258 573 439 614 ridicula
461 572 594 612 etiam
611 573 687 612 illa
717 585 813 612 esse
837 572 1059 627 proponit,
1084 587 1195 627 quae
1216 572 1270 614 de
1292 577 1421 616 rebus
1447 575 1523 617 di·-

52 643 171 684 vinis
203 651 247 682 et
278 641 408 681 sacris
437 638 609 694 prodita
642 647 758 680 sunt.
829 638 1003 680 Dicitur
1031 648 1180 681 autem
1212 643 1378 683 vixisse
1409 651 1520 684 tem-

54 711 234 766 poribus
265 708 443 759 Trajani
474 705 695 761 Caesaris,
728 715 773 747 et
801 706 1022 762 deinceps.
1091 706 1323 750 Caeterum
1351 712 1437 752 suit
1465 714 1520 753 ab

54 777 184 818 initio
205 775 492 826 caussidicus,
524 776 792 816 Antiochiae
807 808 817 825 ,
852 789 962 831 quae
985 776 1032 815 in
1055 774 1182 828 Syria
1203 786 1291 830 est3
1325 778 1402 818 sed
1423 794 1522 820 cum

55 859 106 885 ea
126 857 196 884 res
218 844 285 883 illi
305 858 394 884 non
416 844 520 884 satis
533 857 590 883 ex
611 844 832 883 sententia
856 842 1132 895 succederet,
1164 843 1218 883 ad
1242 845 1523 889 scribendum

53 925 150 952 sese
182 913 421 963 convertit,
464 912 724 967 scripsitque
763 911 873 951 adeo
903 911 1092 951 infinita.
1163 911 1342 953 Obiisse
1373 922 1524 955 autem

52 980 220 1035 ipsum,
251 981 369 1020 fama
390 988 478 1030 est,
511 993 534 1019 a
559 979 1028 1033 caniliuszlaceratum,
1062 969 1272 1033 quoniam
1300 989 1345 1021 et
1372 989 1524 1022 contra

51 1047 288 1088 veritatem
306 1049 432 1089 velut
450 1048 615 1088 rabiem
638 1046 922 1086 exercuisset.
983 1045 1094 1086 Nam
1113 1047 1160 1085 in
1182 1047 1274 1087 vita
1296 1047 1525 1101 Peregrini

55 1111 439 1155 Christianismum
475 1128 648 1170 quoque
675 1114 939 1163 insectatur,
980 1113 1128 1168 ipsum
1153 1112 1380 1157 Christum
1410 1132 1524 1158 con-

52 1182 288 1222 tumeliose
315 1183 522 1233 incessit,
565 1183 778 1221 scelestus
804 1181 896 1220 ille.
975 1178 1123 1231 Quare
1152 1189 1195 1222 et
1222 1184 1364 1225 rabiei
1392 1185 1522 1226 istius

48 1263 218 1305 poenas
252 1250 522 1291 sufficientes
550 1250 596 1290 in
625 1249 851 1303 praesenti
880 1247 971 1288 vita
994 1246 1139 1296 dedit,
1173 1257 1217 1289 et
1242 1252 1291 1290 in
1322 1254 1525 1293 futurum

52 1317 210 1357 haeres
233 1319 403 1357 aeterni
425 1319 539 1370 ignis
561 1330 648 1357 una
669 1331 767 1356 cum
796 1315 958 1356 satana
979 1316 1076 1356 erit.
1137 1315 1257 1357 Haec
1278 1319 1372 1359 ille.
1431 1319 1526 1360 Ad-

56 1384 122 1425 dit
152 1394 298 1425 autem
325 1385 608 1435 Volateranus,
644 1386 793 1424 nescio
825 1397 909 1438 quo
943 1391 1145 1424 auctore:
1180 1399 1276 1426 cum
1308 1388 1361 1426 ab
1392 1387 1523 1430 initio

57 1450 332 1493 Christianus
359 1453 540 1503 fuisset,
581 1462 735 1507 postea
761 1451 958 1503 ejusdem
989 1453 1218 1503 religionis
1253 1453 1526 1497 desertorem

0 1541 1 1550 κ
53 1520 218 1559 factum
242 1532 361 1570 esse,
386 1519 660 1561 dictitantem
681 1533 728 1558 se
752 1519 866 1558 nihil
888 1531 945 1557 ex
970 1531 1021 1558 ea
1043 1529 1350 1571 consecutum,
1395 1537 1527 1578 quam

2 1588 9 1618 Γ
54 1587 171 1641 quod
201 1600 364 1627 nomen
400 1588 538 1643 ipsius
570 1593 821 1641 corruptum
856 1593 994 1636 esset,
1039 1599 1096 1626 ex
1123 1587 1276 1638 Lucio,
1320 1589 1528 1630 Lucia-nus

54 1656 234 1694 factum.
294 1654 397 1695 Fuit
428 1662 575 1695 autem
607 1653 858 1704 Samosata,
901 1664 949 1693 ut
977 1655 1061 1694 hoc
1096 1667 1268 1712 quoque
1297 1657 1526 1710 addamus,

6 1756 7 1777 ἲ
53 1723 158 1762 urbs
182 1737 271 1763 non
292 1723 423 1774 longe
447 1724 497 1762 ab
518 1721 743 1777 Euphrate
766 1721 849 1762 sita
865 1753 876 1773 ,
909 1719 1227 1776 Commagenes
1248 1727 1525 1781 metropolis.

7 1798 8 1809 ¹
54 1788 226 1831 Plinius
252 1799 296 1831 et
317 1789 584 1846 Stephanus.

168 1924 286 1966 Haec
306 1925 467 1980 partim
487 1939 617 1976 vera,
648 1926 808 1981 partim
826 1926 926 1967 ficta
948 1929 1173 1984 aliquanto
1202 1929 1363 1972 melius
1392 1943 1531 1972 exse-

58 1993 208 2048 quitur
223 1993 520 2043 Rom-delotius,
552 1994 725 2033 Luciam·
743 1996 882 2036 vitam
908 1996 1030 2036 hisce
1052 1998 1201 2038 verbis
1223 2000 1528 2040 conscribens:

171 2127 347 2168 Luciani
365 2128 684 2171 samosatensis
703 2130 964 2186 Philosophi
983 2131 1122 2171 vitam
1141 2131 1419 2186 scripturum,
1444 2145 1530 2187 ope

61 2207 231 2236 summa
252 2197 335 2236 niti
355 2196 503 2247 decet,
540 2211 593 2237 ne
620 2206 787 2238 temere
817 2199 1039 2239 voluntati
1069 2205 1113 2237 et
1142 2198 1343 2252 opinioni
1376 2212 1532 2239 eorum

59 2262 265 2304 'videatur
287 2263 523 2315 adsentiri,
555 2266 629 2319 qui
662 2265 856 2318 adgressi
888 2268 1103 2308 hactenus
1130 2266 1238 2304 salsa
1271 2266 1389 2305 veris
1416 2266 1532 2306 mis-

63 2339 259 2379 cuerunt,
292 2339 335 2371 et
355 2344 412 2370 ex
435 2332 575 2372 tribus
596 2335 670 2373 vel
690 2335 889 2389 pluribus
908 2337 1040 2385 hujus
1063 2332 1254 2372 nominis
1278 2333 1351 2372 vel
1371 2333 1530 2373 rheto-

65 2399 186 2438 ribus
214 2399 290 2437 vel
317 2399 549 2452 sophistis,
589 2402 721 2453 longo
751 2404 869 2443 inter
907 2416 953 2442 se
982 2400 1219 2442 intervallo
1256 2400 1530 2451 viventibus,

64 2465 241 2506 Luciam·
268 2468 409 2506 nostri
445 2468 585 2509 vitam
617 2477 870 2510 texuerunt.
945 2468 1113 2515 suidas,
1147 2468 1220 2521 qui
1250 2479 1308 2505 ex
1338 2467 1531 2521 antiquis

65 2531 305 2588 βιογράφοις
355 2536 473 2574 solus
506 2535 728 2574 Lucianum
759 2538 885 2577 nobis
925 2534 1129 2585 tradidit,
1179 2534 1293 2588 proh
1333 2531 1531 2589 Jupiter!

67 2615 177 2655 quae
197 2601 422 2642 mendacia
448 2603 721 2644 blateravit?
753 2603 868 2644 Satis
891 2604 943 2644 ad
967 2618 1067 2643 eum
1091 2600 1386 2651 refutandum,
1418 2615 1530 2656 quae

69 2682 148 2709 nos
169 2670 216 2709 in
235 2671 501 2710 contrarium
527 2670 766 2712 scribimus.
832 2672 1094 2712 Ῑῖνῖαίεναηιις
1124 2683 1211 2709 non
1236 2667 1399 2709 Suidae
1421 2684 1533 2708 con·-

67 2742 216 2777 tentus
239 2738 365 2790 nugis
388 2739 493 2778 alins
513 2739 694 2793 insuper
716 2738 768 2779 de
787 2754 866 2780 suo
884 2739 1078 2780 liberalis
1099 2736 1316 2788 adjunxit.
1362 2734 1535 2776 (laeteri

69 2811 145 2843 aut
176 2818 264 2844 non
294 2803 503 2845 viderunt
530 2807 673 2855 viam,
715 2820 798 2860 qua
831 2808 970 2847 iretur
1003 2804 1059 2846 ad
1091 2805 1238 2855 illam,
1287 2812 1362 2843 aut
1392 2806 1536 2843 visam

69 2870 286 2913 similibus
313 2873 497 2930 aliisque
526 2872 767 2916 mendaciis
800 2877 1083 2915 resta-serunt.
1144 2873 1286 2966 lglptur
1317 2885 1373 2910 ne
1398 2871 1535 2912 simili

1227 2933 1252 2969 2
