1778 3194
193 302 324 335 CXXX
470 300 573 331 JO.
657 297 905 330 FRED.
990 297 1386 330 REITZII

197 412 530 454 nonnumquam
551 396 748 451 plurium
769 393 1016 436 editionum
1030 426 1040 446 ‚
1074 393 1310 448 diligenter
1334 405 1380 438 et
1399 395 1540 439 nitide
1563 411 1675 440 con-

199 470 475 521 signaverat,
507 464 585 505 sed
619 466 866 505 charactere
907 460 1017 502 adeo
1045 464 1242 515 minuto,
1273 472 1324 504 ut
1355 466 1496 505 aciem
1519 467 1677 505 oculo-

203 550 301 578 rum
335 534 498 574 diutius
517 533 793 574 inhaerentis
818 531 998 571 lectoris
1025 531 1332 573 obtunderent.
1395 532 1568 585 Quibus
1590 550 1678 576 au-

203 612 296 645 tem
320 601 552 642 codicibus
573 602 650 641 ille
672 614 775 641 usus
798 598 954 649 fuerit,
988 605 1033 638 et
1056 613 1141 653 quo
1164 599 1383 640 scribendi
1416 601 1677 656 compendio

204 670 343 712 iidem
374 683 512 724 aeque
540 683 586 709 ac
614 668 830 708 editiones
861 667 909 706 in
932 667 1049 707 notis
1085 674 1129 706 et
1153 668 1428 709 variantibus
1445 668 1681 710 Lectioni—

205 741 290 780 bus
320 736 546 788 adlegatae
572 735 882 787 designentur,
907 732 963 774 ad
982 734 1122 776 finem
1141 735 1273 787 hujus
1294 736 1584 791 praefationis
1604 737 1684 776 in—

209 805 466 847 dicabimus.

322 940 459 981 Porro
491 937 546 979 ad
568 952 724 979 manus
750 938 886 980 habui
915 937 1296 981 Basiliensem
1327 947 1582 995 utramque,
1614 937 1682 978 si·-

210 1009 377 1055 militer
394 1021 516 1048 mere
541 1004 751 1047 Graecam
765 1039 776 1059 ,
801 1007 970 1048 duobus
995 1022 1211 1063 quamque
1230 1009 1364 1048 tomis
1384 1009 1431 1048 in
1450 1010 1591 1047 forma
1615 1021 1682 1047 oc-

211 1088 315 1120 tava
335 1082 629 1124 constantem,
652 1088 833 1129 quarum
853 1076 973 1131 prior
991 1090 1106 1117 anno
1129 1077 1251 1119 1545.
1276 1077 1415 1116 altera
1443 1078 1563 1118 1555.
1586 1088 1684 1128 pro-

213 1146 309 1187 diit.
380 1143 447 1183 De
480 1142 724 1196 posteriore
758 1145 835 1184 illa
864 1158 1022 1185 verum
1051 1142 1227 1197 quidem
1256 1150 1345 1193 est,
1377 1141 1493 1196 quod
1526 1141 1686 1182 Sola-

216 1227 316 1254 nus
346 1208 517 1267 prodit,
551 1222 648 1249 eam
665 1209 727 1250 ita
750 1225 879 1252 coeco
907 1210 1039 1251 ductu
1061 1210 1251 1261 vestigia
1278 1210 1449 1265 primae
1477 1216 1685 1259 secutam,

214 1290 265 1321 ut
283 1280 393 1321 vitia
417 1277 551 1317 etiam
573 1278 889 1332 typographica
909 1278 1069 1333 prioris
1092 1277 1374 1332 expresserit.
1416 1276 1515 1317 Nou
1538 1283 1689 1315 tamen

215 1348 264 1390 id
283 1346 391 1387 adeo
413 1357 588 1400 semper
607 1357 788 1394 verum,
823 1346 929 1400 quin
960 1346 1129 1400 aliquot
1156 1345 1264 1383 locis
1295 1343 1527 1384 meliorem
1557 1343 1690 1384 etiam

216 1415 458 1456 lectionem
484 1412 618 1451 altera
651 1410 828 1452 Basil.
860 1427 965 1467 prae
998 1413 1146 1467 priore
1183 1411 1410 1453 exhibeat.
1474 1410 1554 1452 Ex.
1586 1426 1619 1450 c.
1641 1411 1691 1451 in

218 1482 311 1524 Bis
333 1480 456 1520 Ace.
485 1494 520 1519 c.
545 1484 580 1521 1.
604 1478 883 1533 ἐκκεκώφωται
901 1488 1020 1521 recte
1044 1479 1165 1520 dedit
1186 1481 1324 1520 altera
1341 1480 1433 1529 illa,
1454 1494 1551 1519 cum
1571 1479 1691 1534 prior

219 1550 337 1589 male
360 1560 457 1586 cum
481 1547 578 1586 aliis
603 1546 897 1601 ἐκκεκώφηται.
956 1546 1011 1588 In
1042 1546 1286 1600 Philops.
1321 1562 1353 1586 c.
1378 1552 1447 1590 36.
1471 1548 1692 1588 ἐπαντλοῦν

221 1620 337 1659 bene
361 1613 477 1654 Bas.
514 1618 553 1656 2.
575 1612 648 1653 ubi
666 1615 896 1657 ἐπανπλοῦν
916 1616 1033 1656 male
1057 1613 1174 1654 Bas.
1213 1619 1249 1656 1.
1308 1612 1365 1654 In
1389 1613 1536 1654 Dem.
1568 1613 1689 1656 Enc.

224 1702 258 1726 c.
286 1689 353 1728 44.
399 1678 678 1734 λαμβάνουσιν
713 1691 832 1723 recte
881 1684 1042 1734 altera,
1092 1679 1344 1734 λαμβάνουσι,
1379 1695 1516 1736 prave
1558 1681 1689 1736 prior.

221 1751 338 1794 Item
355 1750 402 1789 iu
434 1747 645 1790 Soloec.
678 1750 775 1789 init.
801 1749 919 1790 Bas.
951 1755 990 1793 2.
1015 1751 1128 1790 bene
1148 1745 1429 1801 ἐπιστάμενον,
1454 1764 1551 1789 cum
1574 1749 1693 1804 prior

223 1820 339 1861 male
360 1814 630 1870 ἐπιστάμενος.
691 1817 816 1857 Alibi
831 1831 939 1857 vero
958 1816 1092 1856 etiam
1117 1832 1140 1856 a
1157 1818 1303 1871 priore
1328 1817 1531 1867 recessit,
1563 1824 1612 1855 ut
1642 1817 1691 1856 in

223 1886 451 1929 Icarom.
486 1901 519 1924 c.
548 1890 615 1929 28.
639 1886 715 1925 ubi
736 1884 783 1924 in
805 1898 922 1925 vers.
946 1883 1076 1924 Hom.
1105 1882 1178 1936 εἶχε
1208 1884 1327 1938 prior
1352 1886 1591 1933 habuerat,
1625 1885 1690 1923 al-

223 1963 318 1995 tera
345 1951 575 2006 s'xctdedit,
606 1961 791 2007 utraque
813 1954 941 1992 male.
1000 1949 1276 1991 Generaliter
1295 1959 1443 1991 autem
1473 1949 1695 1998 adfirmari

224 2029 394 2078 potest,
435 2019 673 2060 secundam
704 2019 1022 2075 istamprioris
1051 2020 1161 2059 vitia
1189 2019 1390 2070 auxisse3
1423 2018 1566 2058 veluti
1593 2033 1711 2059 cum⁷

224 2091 273 2130 in
313 2088 411 2128 Bis
453 2089 580 2128 Ace.
614 2102 648 2126 c.
676 2091 739 2129 12.
774 2085 966 2129 ἀκούουῑι
994 2094 1112 2128 recte
1146 2085 1197 2126 B.
1232 2091 1269 2128 1.
1300 2088 1511 2136 haberet,
1553 2087 1692 2126 altera

226 2155 387 2198 ἀκούων
408 2173 444 2197 τι
465 2169 601 2211 prave
620 2155 862 2209 expressit,
895 2170 950 2194 ne
968 2155 1164 2210 pluribus
1181 2155 1337 2194 lectori
1352 2156 1563 2195 molestus
1588 2156 1685 2194 sim.

225 2223 374 2276 Quare
403 2225 586 2264 miratus
618 2236 720 2274 ego,
753 2237 827 2262 cur
871 2222 1122 2262 Solanus
1161 2230 1310 2261 tamen
1341 2222 1524 2261 alteram
1560 2222 1691 2273 longe

225 2294 401 2347 saepius
427 2291 624 2341 adleget,
657 2303 786 2345 quam
816 2290 1028 2344 priorem,
1072 2290 1218 2343 potius
1250 2288 1385 2328 habui
1412 2289 1613 2343 plurimis
1643 2288 1692 2328 in

222 2361 330 2400 locis
357 2360 584 2399 consulere
614 2358 824 2410 primam3
865 2371 954 2395 non
982 2358 1102 2396 enim
1128 2355 1173 2395 id
1204 2357 1393 2408 agimus,
1425 2363 1474 2395 ut
1507 2356 1692 2396 vitiosas

223 2427 503 2481 potissimum
527 2425 740 2464 lectiones
768 2422 1090 2477 conquirendo,
1124 2437 1273 2464 earum
1303 2423 1591 2464 notandarum
1611 2437 1692 2462 co—

223 2494 297 2548 pia
322 2494 563 2534 editionem
588 2490 794 2532 exornari
816 2489 1042 2530 credamus
1057 2522 1067 2541 ,
1099 2490 1177 2531 sed
1200 2499 1247 2531 ut
1269 2506 1326 2532 ex
1348 2492 1537 2547 optimae
1556 2496 1689 2528 notae

222 2561 344 2600 libris
368 2571 411 2602 et
431 2561 528 2601 edd.
551 2561 710 2615 probas
733 2557 946 2597 lectiones
969 2571 1196 2611 eruamus,
1227 2560 1520 2615 (quamquam
1545 2557 1687 2598 vitio-

223 2640 292 2667 sas
325 2629 455 2671 etiam
488 2643 577 2668 non
601 2623 865 2667 omittendas
883 2623 1136 2680 duximus.)

336 2760 468 2803 Basil.
489 2771 686 2817 quartam
707 2760 812 2803 anni
833 2763 950 2804 1619.
972 2760 1163 2803 nancisci
1189 2776 1276 2804 non
1311 2759 1506 2813 contigit.
1567 2759 1686 2802 Ter-
