1778 3194
579 260 877 292 ΤιΜοΝ.
1350 254 1410 298 91

157 363 369 402 ΠΛΟΤΤ
409 353 468 401 Ευ
485 364 632 410 ποιεῖς,
663 376 695 401 ω
709 354 863 413 Ἐρμῇ,
894 364 1166 416 χειραγωγῶν,
1198 360 1352 417 ἕπειῆν
1373 378 1559 419 yep-143-

44 426 244 485 οἷπολίπῃς
273 446 338 482 με,
366 424 609 483 Υπερβόλῳ
638 445 736 482 ταχα
754 425 784 481 ἠ
807 428 962 470 Κλέωνι
991 430 1234 484 ἐμπεσοῦμαι
1259 448 1418 487 περινο-

42 501 159 540 στων.
199 493 301 539 ἄλλα
329 498 389 547 τίς
411 493 434 540 ὅ
451 493 592 550 ψόφος
622 493 741 546 οὗτός
770 496 872 549 ἔστι,
901 493 1088 552 καθάπερ
1120 498 1288 555 σιδηρου
1317 499 1470 556 πρόςΡ
1487 516 1562 550 141*-

40 567 191 608 λίθον·
177 585 191 618 ,·

156 638 294 677 ΕΡΜ
339 630 392 677 Ὃ
428 635 562 689 Τίμων
594 630 731 677 οὗτοσὶ
758 632 922 677 σκάπτει
954 636 1124 688 πλησίον
1157 631 1319 691 ὀρεινὸν
1349 638 1422 693 q),
1448 647 1502 687 31

42 703 112 745 καὶ
132 699 336 745 ὑπόλιθον
352 699 503 758 γήδιον.
543 704 689 755 παπαὶ,
717 703 785 745 καὶ
803 700 831 756 ἦ
852 704 986 745 Πενία
1003 701 1181 758 πάρεστι,
1209 705 1280 746 καὶ
1300 703 1322 747 ὅ
1340 705 1426 748 Πό-

42 787 115 819 νος
134 771 283 820 ἐκεῖνος
301 773 363 822 l')·
392 768 419 824 ἡ
441 774 646 827 Καρτερία
667 771 732 822 δὲ,
761 772 832 813 καὶ
858 767 886 824 ἡ
905 773 1063 824 Σοφία,
1095 772 1161 813 καὶ
1181 768 1210 825 ἡ
1228 769 1425 827 Ἀνδρία,

42 839 112 879 καὶ
139 835 162 880 ό
189 843 369 887 τοιοῦτος
399 839 514 893 ὄχλος
541 843 619 881 τῶν
635 837 717 881 ’ὗπό
747 843 803 897 τῷ
823 843 927 895 λιμῷ
951 840 1197 894 ταττομένων
1219 837 1424 894 ἁπάντων,

43 904 146 948 πολὺ
164 905 355 960 ἀμείνους
371 905 413 962 ⁸)
443 912 524 949 τῶν
542 911 623 950 σῶν
643 904 901 963 δορυφόρων.

156 978 369 1017 ΠΛΟΤΤ.
407 978 455 1017 Τί
475 969 550 1018 οὖν
572 974 647 1018 οὐκ
667 974 1007 1030 ἀπαλλαττόμεθα,
1040 969 1074 1018 οἷ
1089 973 1239 1031 Ἑρμῆ,
1269 979 1342 1030 τὴν
1360 995 1429 1020 τα-

41 1043 201 1095 χίστηνς
231 1037 281 1085 οὗ
310 1041 388 1099 γὰρ
414 1042 466 1087 ὅῖν
487 1062 525 1086 τι
556 1042 670 1098 ἡμεῖς
687 1042 910 1099 δράσαιμεν
940 1041 1152 1099 ἀξιόλογον
1175 1044 1278 1101 πρὸς
1298 1045 1428 1102 ἄνδρα

39 1106 119 1152 ὑπὸ
139 1107 378 1163 τηλικούτου
400 1113 668 1167 στρατοπέδου
686 1113 1009 1167 περιεσχημένον.

154 1182 295 1221 EPM.
315 1178 476 1230 ’Ἀλλως
497 1182 605 1232 ἔδοξε
623 1184 681 1237 τῷ
699 1183 791 1223 Διΐ·
821 1179 875 1234 μὴ
897 1177 1185 1235 ἀποδειλιῶμεν
1205 1176 1294 1224 οὖν.

154 1250 297 1289 ΠΕΝ.
333 1253 422 1290 Ποῖ
433 1253 577 1291 τοῦτον
594 1245 774 1304 ἀπάγεις,
801 1243 835 1290 (3
851 1246 1134 1304 Ἀργειφόντα,
1155 1254 1430 1306 χειραγωγῶν;
1443 1271 1480 1306 p.
1495 1268 1571 1305 145.

155 1319 296 1358 EPM.
328 1309 429 1358 Ἐπὶ
456 1317 618 1359 τουτονὶ
643 1315 715 1360 τόν
752 1319 915 1371 Τίμωνα
946 1318 1211 1372 ἐπέμφθημεν
1239 1315 1320 1361 ὑπὸ
1354 1324 1432 1362 τοῦ

48 1377 162 1431 Διός.

158 1454 299 1492 ΠΕΝ.
330 1454 424 1493 Νῦν
443 1451 467 1494 ό
482 1449 523 1504 t)
554 1448 738 1501 Πλοῦτος
759 1452 825 1494 ἐπὶ
853 1454 1038 1506 Τίμωνα,
1069 1450 1191 1495 ὁπότε
1212 1448 1335 1496 αὐτόν
1355 1453 1430 1511 ἐγώ
1460 1465 1465 1468 ’

42 1521 174 1567 κακῶς
191 1520 328 1573 ἔχοντα
345 1517 393 1572 ¹²)
421 1515 504 1561 ὖπό
532 1524 603 1573 τῆς
630 1525 798 1574 Τρυφῆς
822 1523 1130 1574 παραλαβοῦσα,
1161 1523 1339 1564 τουτοισὶ
1357 1539 1434 1564 πα-

90 1607 138 1653 )
163 1619 214 1651 ορ
228 1603 392 1651 etro-v}
417 1603 566 1653 ὄνειρόν
586 1609 629 1642 Β.
649 1620 681 1644 2.
702 1614 739 1642 et
770 1608 950 1654 quaedam
968 1608 1076 1642 aliae.
1145 1610 1188 1652 r)
1202 1606 1432 1665 ἐκεῖνος]

134 1651 263 1701 ἐκείνῳ
289 1654 388 1709 conj.
410 1657 548 1687 Hermi.
607 1655 644 1699 s)
670 1650 927 1700 ἀμείνους]
954 1654 1057 1688 addit
1077 1655 1171 1706 Aug.
1197 1652 1321 1699 ὄντες,
1357 1669 1433 1691 non

135 1689 248 1735 male.
292 1701 330 1739 t)
358 1696 406 1744 ὁ]
429 1700 632 1736 abestaB.
652 1713 683 1737 2,
733 1702 778 1734 In
799 1704 886 1745 Arg
907 1707 963 1734 est
988 1697 1022 1745 ἡ.
1082 1702 1132 1745 u)
1158 1699 1365 1747 ἔχοντα]
1390 1701 1435 1738 ἄ-

135 1758 249 1790 ·γοντοε
267 1748 402 1779 Hemst.
426 1747 516 1779 min.
540 1746 660 1780 invito
690 1747 793 1781 haud
815 1748 925 1780 dubie
944 1730 1102 1780 editore

100 1816 226 1853 Plat.
256 1816 392 1854 Recte
413 1830 525 1865 sane,
549 1830 574 1856 o
594 1817 711 1856 Mer-

50 1871 159 1920 curi,
201 1870 317 1924 quod
342 1871 451 1910 mihi
481 1887 606 1911 caeco
638 1873 711 1910 vi-

51 1942 118 1965 am
139 1927 302 1979 praeis:
335 1927 402 1965 sin
431 1942 497 1966 me
520 1927 709 1977 deseras,

8 1980 9 1985 ’
52 1983 235 2022 fortasse
259 1982 304 2020 in
318 1983 611 2034 Hyperbolum
637 1984 712 2021 ali-

7 2068 8 2071 *
52 2053 201 2093 quem,
243 2049 318 2078 aut
358 2039 561 2078 Cleonem
595 2038 713 2077 ober-

49 2110 148 2135 rans
170 2094 365 2137 incidam.
427 2094 507 2134 Sed
531 2095 624 2148 quis
637 2093 709 2132 hic

51 2165 207 2200 soum,
251 2152 372 2203 quasi
400 2151 437 2189 si
469 2152 625 2190 ferrum
659 2149 712 2189 ad

51 2221 199 2246 saxum
219 2206 418 2247 allidatur
431 2206 451 2246 ’ἓ

111 2264 214 2303 Mer.
255 2263 340 2301 Hic
367 2263 525 2303 Timon
553 2262 713 2303 videli-

55 2328 122 2359 cet
154 2329 402 2357 montanum
441 2334 487 2358 ac
514 2333 712 2359 saxosum

55 2376 234 2429 agellum
255 2374 383 2414 fodit.
441 2375 604 2429 Papae!
655 2376 715 2413 Et

53 2432 284 2483 Paupertas
307 2430 436 2481 adest,
470 2441 511 2470 et
530 2432 602 2471 ille
629 2432 715 2470 La-

53 2487 154 2536 bor,
188 2496 279 2526 tum
302 2487 429 2526 etiam
449 2488 711 2536 Toleranda,

55 2552 100 2582 et
119 2543 353 2596 Sapientia,
380 2557 458 2581 nec
477 2557 564 2581 non
576 2544 715 2582 Forti-

59 2597 186 2649 tudo,
192 2600 245 2638 ‘et
266 2609 403 2638 totum
424 2598 531 2637 illud
551 2613 713 2652 agmen,

60 2653 174 2706 quod
204 2669 343 2693 secum
378 2654 455 2693 sub
489 2655 621 2708 siguis
644 2654 718 2692 ha-

60 2707 157 2748 bere
206 2714 313 2750 solet
363 2712 534 2750 Fames:
582 2713 714 2750 multo

62 2764 174 2802 haud
188 2765 314 2806 dubie
329 2767 602 2807 animosiores
617 2777 716 2806 sunt

12 2869 16 2879 Ι
63 2822 314 2862 satellitibus
339 2823 439 2863 tuis.

824 1818 945 1857 Plat.
979 1816 1098 1870 Quid
1128 1816 1262 1871 igitur
1283 1832 1433 1859 causae

769 1873 841 1921 sit,
876 1874 979 1926 quin
1001 1873 1102 1910 hinc
1124 1888 1248 1926 quam
1272 1876 1434 1927 ocyssi-

769 1944 836 1967 me
866 1928 1112 1983 fugiamus?
1152 1944 1290 1982 neque
1319 1932 1434 1969 enim

772 1993 835 2023 est
854 1994 902 2022 ut
922 1983 1155 2037 quidquam
1176 1999 1197 2022 a
1216 1985 1338 2024 nobis
1350 2001 1434 2025 me-

771 2040 977 2078 morabile
1001 2049 1171 2092 geratur
1193 2055 1286 2078 cum
1311 2042 1436 2080 eovi-

769 2110 832 2145 ro,
857 2093 931 2149 qui
951 2104 1071 2133 tanto
1103 2095 1334 2135 instructus
1366 2112 1436 2137 ex-

770 2152 907 2190 excitu
929 2152 997 2189 sit.

826 2209 932 2247 Mer.
976 2207 1077 2249 Jovi
1129 2208 1250 2247 aliter
1297 2208 1437 2248 visum

773 2273 859 2303 est:
894 2278 1021 2316 quare
1042 2264 1203 2302 strenui
1224 2264 1366 2305 simus.

829 2322 971 2369 Paap.
1014 2319 1195 2358 Caecum
1225 2321 1374 2370 istum,
1410 2335 1436 2360 o

771 2375 1044 2430 Argiphonte
1074 2376 1287 2426 Mercuri,
1332 2391 1437 2430 quo-

773 2447 870 2471 nam
895 2431 1068 2470 abducis
1084 2431 1104 2470 ἶ)

829 2490 934 2529 Mer.
967 2488 1059 2527 Nos
1113 2486 1165 2526 ad
1212 2488 1437 2529 Timonem

775 2543 967 2599 (huncce)
991 2544 1193 2598 allegavit
1210 2545 1393 2598 Jupiter.

830 2602 972 2651 Paup.
1031 2599 1185 2651 Quid?
1236 2614 1350 2640 nunc
1380 2601 1433 2641 ad

774 2655 998 2694 Timonem
1033 2656 1183 2693 Plutus
1218 2657 1437 2696 mittitur?

775 2727 898 2765 quem
935 2725 1012 2764 ego
1044 2711 1222 2762 pessime
1255 2727 1277 2750 a
1307 2714 1440 2752 Luxu

775 2767 964 2805 habitum
977 2782 1067 2805 cum
1083 2768 1344 2819 accepissem,
1358 2770 1436 2818 his,

777 2837 882 2877 quos
904 2822 1041 2872 video',
1075 2825 1287 2874 Illo-muri,
1324 2825 1438 2878 Sapi-
