1778 3194
482 198 1136 247 xNNIGrR1NSM.
1437 201 1535 246 2137

73 325 150 356 unt
170 314 414 370 prohibitos
437 312 616 354 veritate
640 327 713 352 sua
735 321 777 352 et
812 324 919 351 voce
937 309 1066 349 libera
1096 310 1206 350 frui:
1232 325 1362 364 eaque
1382 310 1538 364 prohi-

72 373 212 412 bitio
201 387 246 410 m
264 386 315 411 eo
338 369 558 417 consistit,
586 369 701 422 quod
723 367 931 421 prohibiti
953 365 1038 405 siut
1064 367 1230 420 legibus
1252 369 1336 405 illis
1349 367 1536 421 ‚quibus

71 441 266 475 cautum
299 442 352 466 ne
374 428 419 465 in
438 426 594 465 tabulis
615 423 855 465 testamenti
886 422 1108 477 quicquam
1132 424 1265 477 elogii
1295 425 1446 462 famam
1469 427 1537 462 al—

72 484 202 524 terius
230 482 436 531 laederet,
468 483 552 520 nisi
583 496 777 528 snorum,
816 494 919 534 quos
952 476 1204 518 exheredare
1224 483 1336 534 leges
1365 481 1540 533 permit-

71 540 220 580 rebant
250 554 343 579 cum
382 538 558 592 elogio?
593 537 712 591 Quae
744 536 903 589 species
929 533 1238 588 prohibitionis
1267 537 1312 573 in
1344 537 1535 587 Graecis,

74 595 230 635 nedum
259 593 390 634 talis?
423 595 509 633 imo
541 608 648 646 quae
683 594 861 631 fortasse
893 605 1111 643 nunquam
1141 591 1361 645 contigit?
1431 569 1538 634 Nani

75 651 192 706 quod
212 651 265 690 de
284 664 494 689 consensu
525 650 577 688 Is.
601 649 823 689 Cam1tboni
848 647 973 701 jacit,
1008 661 1178 694 vereor,
1213 661 1265 686 ne
1265 624 1420 687 mamm
1453 663 1542 687 om-

74 707 202 746 nibus
241 705 458 756 videatur,
494 705 570 758 qui
610 704 735 744 modo
767 703 1036 756 inspexerint
1061 700 1380 741 lucubrationes
1399 705 1542 755 manni

75 767 167 815 ejus
191 763 287 803 viri.
345 761 425 801 Sed
445 774 582 814 neque
599 760 831 800 Benedictus
853 760 982 808 bene,
1017 776 1062 797 ne
1078 775 1131 798 em
1154 775 1223 797 sua
1242 762 1401 797 z-celccztc
1421 756 1542 798 ‹lanz—

74 836 167 857 num
190 822 361 872 capiant
417 818 547 857 Plane
579 817 693 855 enim
720 818 924 856 Latiarum
953 818 1045 853 vult
1075 815 1358 864 contrarium,
1392 830 1542 868 nempe

74 875 292 913 Romanos
312 883 403 912 tota
425 873 515 912 vita
537 887 632 911 cum
652 872 846 912 simulate
867 871 1055 926 egerint,
1088 886 1227 910 veram
1246 846 1371 909 unani]
1395 886 1544 911 vocem

75 929 235 969 edere
222 944 269 968 111
297 928 585 979 testamentis,
618 944 670 968 ne
701 944 753 968 ex
782 928 862 967 hac
886 942 959 965 sua
981 929 1162 966 veritate
1184 929 1445 979 voluptatem
1468 942 1545 966 ca·-

76 987 222 1038 piant:
253 984 335 1024 hoc
357 994 443 1034 est,
476 999 529 1023 ne
551 995 649 1038 post
666 999 756 1023 eam
775 983 969 1023 veritatis
991 987 1059 1022 vel
1083 983 1234 1022 mentis
1258 997 1357 1022 suae
1378 984 1545 1023 verissi-

76 1056 185 1080 mam
205 1039 515 1095 professionem
542 1042 795 1094 patefactam
825 1039 971 1093 (quod
994 1039 1041 1077 fit
1066 1039 1295 1092 aperiendo
1315 1048 1547 1078 testamen-

77 1106 149 1145 to,
180 1111 322 1151 neque
340 1095 386 1134 id
407 1096 645 1152 contingit,
679 1097 764 1134 nisi
795 1106 890 1149 post
919 1107 1094 1133 mortem
1117 1097 1356 1145 testatoriS,
1388 1106 1437 1134 ut
1456 1110 1548 1135 non

80 1129 248 1203 vicleat,
280 1166 368 1191 non
400 1153 576 1202 sentiat,
620 1152 725 1207 quid
763 1152 893 1191 animi
922 1152 979 1190 sit
1010 1152 1120 1201 illis,
1155 1151 1307 1206 quibus
1344 1126 1549 1205 laqueum

80 1219 155 1248 aut
185 1208 405 1247 infamiam
436 1185 623 1263 legavit)
650 1209 798 1248 laetari
820 1208 988 1262 possint
1006 1223 1056 1247 eo
1087 1209 1230 1258 facto,
1260 1207 1373 1262 qnod
1406 1209 1551 1246 inimi-

80 1279 176 1304 cum
199 1264 281 1303 ulti
303 1263 389 1301 sint
410 1279 456 1302 ac
476 1265 677 1305 laeserint
698 1267 807 1304 malo
831 1274 956 1313 voto,
988 1277 1128 1316 neque
1157 1265 1191 1302 si
1223 1266 1294 1303 ille
1323 1274 1550 1326 propterea

81 1319 247 1369 doleat,
282 1319 347 1356 illi
360 1333 454 1358 eum
485 1320 699 1361 dolentem
721 1330 911 1373 spectaie
930 1320 1108 1372 possint,
1167 1320 1285 1359 Haec
1307 1320 1486 1373 simplex
1507 1330 1552 1360 et

82 1377 173 1429 ipsa
196 1351 371 1414 Licciani
390 1377 612 1418 sententia.
674 1376 800 1416 Nam
815 1391 889 1415 cur
908 1373 1125 1417 ἀπολαύειν
1145 1386 1317 1415 sumunt
1333 1376 1377 1413 iu
1401 1379 1550 1415 malam

82 1431 279 1485 partem?
347 1430 498 1485 Neque
535 1433 638 1472 hinc
677 1433 796 1472 abire
834 1432 961 1482 libet,
1010 1433 1112 1486 quin
1143 1432 1271 1471 alium
1298 1434 1439 1470 locum
1476 1446 1552 1485 per

83 1485 257 1527 eandem
281 1485 392 1524 hanc
419 1489 694 1540 jactationem
725 1465 974 1555 ambiguuni
989 1497 1178 1542 tangam,
1212 1488 1285 1540 qui
1316 1497 1377 1526 est
1405 1489 1447 1525 in
1479 1489 1552 1526 Ti-

82 1547 260 1592 moneo.
280 1542 479 1608 2.q11isic
500 1541 859 1591 adJovem.015voe
880 1541 1001 1585 δαλόν
1020 1561 1109 1584 τινα
1126 1545 1291 1584 ἒπαναεε
1281 1546 1464 1584 ίυασθαι
1487 1547 1553 1585 δο-

84 1606 164 1648 κεῖς
185 1595 332 1648 αὐτοῖς,
356 1615 411 1648 ως
416 1605 507 1669 πῦρ
528 1601 596 1653 μὲν
612 1598 642 1652 ἢ
660 1599 817 1641 καπνὸν
834 1595 907 1641 ἐπ’
929 1597 1058 1640 αὐτου
1076 1599 1128 1653 μὴ
1149 1602 1254 1642 δεοιέ
1245 1618 1336 1647 ναι,
1365 1597 1491 1652 μόνον
1512 1600 1555 1641 δὲ

83 1663 202 1698 τοῦτο
226 1656 383 1696 mesenen
404 1653 619 1698 ἀπολαύειν
636 1673 708 1697 του
730 1656 974 1710 τραύματος,
1004 1653 1064 1697 ὃτι
1083 1675 1108 1696 c
1096 1654 1467 1708 ναπλησθήσονται,
1483 1655 1556 1708 τῆς

83 1711 281 1765 ἀσβόλου
323 1710 398 1748 ubl
428 1713 635 1762 Erasmus,
666 1728 795 1751 zetum
824 1714 898 1752 lzoc*
927 1712 1053 1751 solnm
1090 1713 1257 1752 ῖιιῖησιίς
1281 1714 1419 1768 infe-mi
1443 1728 1555 1765 posse

80 1767 540 1823 jztclicent,u1ficligine
569 1768 846 1821 compleantur.
881 1770 983 1808 Tan.
1011 1768 1156 1816 Faber,
1189 1770 1337 1824 hocque
1360 1785 1447 1806 unu
1443 1786 1475 1806 n
1502 1784 1556 1808 ex

84 1824 239 1864 vulnere
266 1821 414 1861 malum
442 1825 518 1862 sibi
544 1824 721 1864 accidere
746 1827 988 1873 existiment,
1020 1825 1127 1878 qnod
1140 1825 1319 1880 fizliginc
1337 1828 1558 1876 operiantur

88 1891 204 1933 atquc
240 1881 499 1932 inquinentur.
570 1879 708 1932 Quam
759 1881 1154 1931 interpretationem
1202 1893 1264 1921 est
1303 1881 1433 1926 alius,
1483 1879 1557 1934 qui

88 1945 254 1988 praeter
288 1933 388 1973 duas
420 1944 652 2004 postremas
683 1949 810 1975 voces
836 1936 1015 1987 repetit,
1051 1945 1091 1973 et
1114 1936 1331 1975 subtitulo
1353 1934 1559 1974 observa-

89 1990 223 2030 tionis
243 2000 370 2043 negat
390 1991 433 2032 τὸ
454 1995 610 2044 τοαῦμα
629 1990 712 2029 hoc
732 1994 829 2029 loco
855 1991 1084 2029 convenire
1098 2022 1109 2040 ,
1145 2006 1237 2030 cum
1260 1990 1459 2044 fuliginis
1485 1990 1558 2030 fiat

88 2046 266 2095 mentio,
283 2044 395 2086 unde
418 2048 544 2085 etiam
564 2057 597 2085 s-.
605 2046 704 2084 atim
727 2062 771 2084 se
793 2050 928 2101 legere
947 2047 1007 2084 ait
1020 2045 1232 2098 καύματος,
1249 2049 1496 2111 fulmenque
1516 2056 1560 2086 et

89 2104 236 2156 fulgur
250 2100 424 2141 adurere
444 2112 484 2141 et
502 2105 687 2140 ustulare
708 2102 794 2140 dici
812 2111 944 2142 notat
967 2102 1046 2141 Sed
1069 2103 1233 2153 mirum,
1249 2104 1283 2143 si
1303 2106 1369 2143 vel
1391 2113 1558 2142 Senten-

90 2158 196 2198 tiam
208 2160 274 2196 vel
289 2159 537 2212 elegantiam
551 2157 677 2210 hujus
688 2158 776 2197 loci
789 2161 876 2196 ullo
891 2172 1042 2211 genere
1058 2158 1324 2213 adsequatur.
1348 2160 1434 2199 Cur
1447 2159 1560 2198 enim

95 2224 137 2253 et
151 2214 220 2253 ille
231 2222 272 2252 et
283 2213 445 2265 priores
459 2210 677 2256 ἀπολαύειν
691 2215 909 2278 accipiunt
921 2215 964 2252 in
977 2217 1143 2265 malum,
1156 2226 1197 2255 et
1210 2215 1260 2254 acl
1273 2215 1465 2254 homines
1478 2215 1563 2253 ful-

93 2270 279 2308 minatos
300 2267 527 2322 adplicant,
543 2283 629 2308 non
651 2269 695 2307 in
709 2269 923 2323 propriam
938 2271 1157 2310 notionem
1177 2272 1561 2324 voluptariamque,

96 2335 145 2363 ut
162 2324 316 2377 passim
340 2328 470 2375 solet,
505 2340 552 2364 ac
571 2340 672 2364 mox
701 2326 908 2376 vidimus,
941 2336 982 2366 et
1011 2341 1153 2366 rursus
1178 2328 1223 2366 in
1254 2328 1347 2380 ipso
1379 2326 1463 2366 hoc
1493 2327 1565 2365 Ti·

95 2395 244 2429 mone,
275 2378 351 2418 ubi
380 2357 657 2432 parimodo
641 2381 784 2434 ικτινήν
815 2358 1037 2424 dmi’mwow
1069 2386 1302 2436 οἰομένους,
1335 2393 1460 2435 atque
1481 2383 1567 2434 ipsi

97 2436 199 2478 Jovi
223 2435 458 2487 attribunt‚
489 2447 538 2475 ut
558 2450 728 2490 prorsus
751 2437 993 2477 debebant?
1036 2439 1096 2477 sic
1116 2441 1228 2478 enim
1252 2438 1566 2492 elegantissima

100 2492 239 2531 ironia
264 2491 583 2542 accipiendum:
615 2494 798 2532 hacto-ms
820 2507 946 2534 autem
977 2498 1077 2545 (vel
1111 2499 1150 2534 in
1178 2496 1254 2535 hoc
1280 2497 1388 2544 solo,
1419 2494 1568 2534 adhoc

102 2548 260 2596 solum)
282 2549 511 2586 existimant
532 2548 669 2601 tcfrui
685 2550 858 2594 ‘ts-ulnete,
894 2555 906 2599 (
925 2565 948 2589 v
954 2552 1184 2603 oluptatem
1210 2565 1356 2604 capere
1377 2564 1428 2588 ex
1452 2553 1568 2601 jactu

104 2603 320 2652 fulminis,
355 2617 439 2656 quo
468 2605 621 2642 stolide
651 2616 795 2657 putas,
829 2620 853 2644 o
878 2607 1072 2659 Jupiter,
1106 2607 1191 2645 illis
1217 2620 1344 2660 grave
1372 2609 1525 2644 vulnus
1546 2620 1569 2645 a

105 2667 148 2697 te
181 2657 356 2712 inferri)
377 2671 417 2698 ut
446 2663 666 2713 operiantur
679 2660 792 2714 fulb
786 2664 877 2709 rinc,
909 2661 1053 2701 videas
1084 2661 1210 2701 modo
1244 2677 1314 2702 eos
1347 2661 1570 2716 nigredine

110 2712 291 2766 obduci,
325 2728 449 2769 quam
469 2727 516 2756 tu
533 2719 641 2757 male
663 2715 953 2772 interpretaris
986 2721 1165 2770 vulnus,
1196 2732 1291 2759 cum
1312 2718 1370 2758 sit
1391 2719 1571 2773 simplex
