1778 3194
212 228 314 272 268
575 218 1328 266 AnNo'rA‘rrors'Es

216 335 409 389 Ctesiph.
441 335 511 377 καὶ
530 332 678 387 λευκὴν
698 330 849 388 ἐσθῆτα
865 332 1017 388 λαβών,
1038 329 1263 386 ἐβουθύτει.
1288 332 1439 374 BRon.
1480 328 1683 374 Solebam

214 393 417 432 nimirum
446 391 650 441 Athenis,
696 389 1049 445 quemadmodum
1077 389 1260 439 Romae,
1295 389 1489 443 antiquis
1519 399 1682 442 tempo-

213 449 333 488 ribus
356 447 550 486 candidis
572 447 757 487 vestibus
775 447 852 487 uti.
913 445 1022 487 Vide
1045 446 1237 500 Theophr.
1257 445 1384 487 Char.
1405 446 1488 487 XI.v
1516 447 1605 501 περὶ
1622 462 1683 499 μι-

213 507 428 560 κρολογίας
448 504 525 543 sub
547 504 684 544 finem.
714 504 853 546 Crffin.

328 560 433 600 Ibicl.
467 559 625 602 Βαπτόν
655 584 711 591 ——
739 559 896 613 νόμον)
930 556 1069 609 Νόμος
1087 556 1162 613 γάρ
1187 555 1446 617 Ἀθήνῃσιν,
1468 568 1515 598 ut
1537 557 1684 599 Suielas

214 618 300 669 ait,
333 615 404 666 τὰς
422 617 579 670 ἑταίρας
598 615 748 659 ἔένθινα
772 623 925 671 φορεῖν.
957 616 1133 657 VonsT.
1192 616 1326 670 Legis
1355 616 1482 670 hujus
1504 615 1684 654 Atheni-

213 675 379 714 ensium
402 689 455 713 ne
472 675 670 714 Meursius
692 672 883 727 quidem,
917 673 1064 711 harum
1093 687 1229 712 rerum
1252 671 1477 727 indagator
1502 671 1683 725 diligen-

214 731 417 775 tissimus,
431 730 544 784 apud
562 730 668 769 alios
689 739 879 768 auctores
899 729 1126 783 vestigium
1145 729 1328 782 reperire
1347 728 1503 782 potuit.
1536 727 1685 780 Olym-

212 787 404 841 pionicis
426 801 575 839 nempe
599 787 699 826 solis
722 786 764 824 id
785 786 959 825 licuisse
979 794 1095 838 patet
1114 800 1165 823 ex
1186 787 1544 835 ›20.sn-0‚·Demon.
1566 799 1601 824 c.
1618 789 1682 827 16.

214 843 581 883 ConsuleSuidam
601 857 639 883 v.
652 841 794 897 βαπτὰ,
808 852 849 881 et
861 843 1199 896 Aristoplz.p.55.
1233 841 1310 880 Sed
1337 842 1408 894 qui
1420 841 1480 890 fit,
1496 841 1682 894 inquies,

211 911 260 938 ut
286 913 446 951 pauper
472 909 630 938 vestem
663 914 750 937 non
783 899 979 945 haberet,
1011 899 1095 936 nisi
1131 896 1314 951 βαπτὸυξ)
1343 900 1503 937 Forsan
1535 906 1577 936 et
1609 896 1684 935 hic

210 956 326 1011 pulla
352 955 631 1009 intelligenda
656 966 741 1004 cst,
776 968 861 1007 quo
883 969 1009 993 sensu
1030 954 1142 1006 apud
1162 955 1309 995 Athen.
1337 954 1383 992 in
1405 954 1583 993 Comico
1613 967 1684 991 su-

212 1013 367 1061 mitur,
400 1016 497 1054 290.
522 1011 569 1050 C.
604 1012 661 1049 So
672 1026 773 1051 ΒΑΝ.
827 1012 972 1050 Solum
992 1011 1118 1062 hujus
1141 1012 1248 1065 legis
1269 1020 1415 1049 testem
1437 1009 1684 1063 producunt

212 1069 439 1108 Lucianum
467 1068 503 1106 J.
531 1068 728 1107 ssIcnrsius
746 1066 898 1108 Them.
921 1066 1009 1107 Att.
1034 1067 1101 1116 II,
1137 1072 1203 1110 34.
1229 1066 1406 1106 Panath.
1431 1080 1467 1105 c.
1487 1066 1608 1104 XIV.
1639 1074 1684 1103 et

214 1125 326 1164 Sam.
349 1124 495 1163 Petz'lus
515 1124 606 1162 LL.
629 1123 717 1164 Att.
746 1138 842 1177 pag.
867 1129 932 1167 23.
959 1137 1086 1175 quare
1118 1138 1140 1161 a
1160 1123 1336 1168 Solone,
1371 1137 1423 1160 an
1458 1131 1558 1175 post
1587 1136 1684 1160 eum

212 1181 347 1220 fuerit
363 1183 470 1229 lata,
506 1179 676 1218 decerni
700 1180 871 1232 nequit:
904 1179 1015 1217 ratio
1049 1189 1188 1218 tamen
1209 1193 1296 1216 non
1324 1188 1387 1217 est
1405 1178 1450 1219 in
1487 1177 1681 1218 obscuro.

214 1237 392 1276 Scilicet
411 1236 538 1274 ludos
565 1237 822 1274 castissimae
842 1238 1031 1275 Dearum
1048 1236 1277 1273 Blinervae
1298 1247 1437 1273 sacros
1461 1235 1506 1272 in
1529 1243 1684 1272 ornatu

211 1292 452 1332 meretricio
476 1307 524 1331 ac
542 1293 718 1331 lenonio
741 1293 925 1345 spectari
949 1295 1204 1330 noluerunt:
1229 1288 1507 1344 πορνοβοσκὸς
1528 1288 1683 1342 βαπτὸν

211 1347 486 1403 ἀμπεχόμενος
503 1347 713 1404 τριβώνιον
731 1348 842 1402 apud
862 1351 982 1387 Dion.
1009 1348 1138 1402 Cluys.
1165 1347 1238 1387 Or.
1266 1347 1341 1385 IV.
1360 1361 1402 1400 p.
1419 1351 1487 1391 75.
1510 1347 1559 1385 A.
1582 1344 1681 1388 Vid.

212 1406 315 1447 Poll.
339 1406 412 1455 1V,
443 1410 537 1449 119.
566 1411 658 1449 120.
683 1405 972 1445 meretricibus
998 1404 1125 1443 etiam
1151 1401 1305 1457 βαπτὰ,
1336 1401 1489 1457 βαπτδτς
1513 1404 1687 1455 ἐσθῆτας

213 1464 306 1502 sive
329 1457 502 1511 ἆνθινάς
520 1468 663 1517 φορεῖν
683 1476 757 1515 per
778 1465 889 1516 leges
909 1461 1054 1510 licuit,
1089 1475 1263 1516 quarum
1283 1475 1364 1498 usu
1395 1460 1597 1497 matronis
1620 1459 1686 1496 in-

212 1517 443 1558 terdictum
473 1529 585 1559 erat:
618 1518 729 1558 Sam.
761 1518 908 1557 Potitus
936 1515 987 1554 ad
1013 1517 1104 1556 LL.
1136 1517 1226 1555 Att.
1259 1531 1298 1568 p.
1321 1521 1417 1560 476.
1447 1514 1601 1556 Kusier.
1631 1515 1684 1553 ad

213 1574 330 1614 Suicl.
354 1576 399 1612 in
424 1573 637 1623 Ζάλευκος,
694 1573 888 1613 Floridas
914 1582 1052 1611 autem
1071 1572 1278 1624 ejusmodi
1300 1582 1435 1611 vestes
1460 1571 1684 1624 Olympio-

210 1631 323 1669 nicis
341 1631 514 1671 licuisse
535 1633 635 1670 solis
659 1640 843 1685 gestare,
877 1629 1024 1682 colligi
1053 1629 1162 1666 mihi
1190 1642 1312 1681 posse
1343 1642 1430 1667 non
1460 1627 1631 1666 videtur
1659 1642 1683 1668 e

210 1688 388 1726 Luciani
413 1689 703 1737 Demonacte,
736 1686 808 1741 qui
840 1680 999 1724 contra'
1020 1684 1248 1737 Olympiae
1279 1686 1483 1723 victorem
1516 1683 1681 1734 irridet,

213 1743 330 1797 quod
354 1758 448 1781 cum
469 1759 516 1783 ea
537 1753 677 1793 veste,
711 1757 818 1795 quae
841 1742 982 1780 virum
1010 1741 1164 1779 fortem
1196 1739 1436 1791 dedeceret,
1471 1740 1517 1778 in
1541 1740 1682 1793 puhli-

213 1814 308 1838 cum
339 1799 513 1851 prodire
542 1814 629 1839 non
657 1809 891 1838 vereretur:
922 1796 1038 1835 aliud
1065 1797 1178 1834 enim
1207 1806 1291 1844 est,
1325 1795 1493 1850 quando
1526 1810 1681 1849 pompa

211 1856 394 1894 solemni
415 1856 599 1895 victores
618 1855 663 1893 in
683 1855 827 1893 urbem
854 1852 1034 1906 patriam
1056 1852 1366 1891 invehebantur
1389 1850 1538 1890 floride
1565 1853 1682 1905 picta

209 1922 331 1951 veste
354 1912 600 1964 conspicui,
622 1925 705 1964 qua
727 1910 777 1949 de
799 1925 842 1949 re
863 1908 1064 1964 legendus
1087 1908 1445 1962 esth..Spanhe7n.
1465 1908 1517 1947 ad
1529 1908 1679 1951 Julian.

214 1968 337 2008 Caes.
362 1970 542 2008 Preuves
564 1968 634 2008 des
654 1969 850 2020 Remarq.
870 1982 910 2020 p.
935 1971 1027 2009 129.
1059 1966 1241 2004 HEMST.

326 2025 428 2064 Eczcl.
460 2028 489 2064 l.
521 2031 559 2069 2.
605 2026 685 2070 Καὶ
705 2028 774 2065 τοῦ
792 2023 970 2077 κήρυκος
989 2019 1250 2076 ἀνειπόντος)
1281 2021 1439 2077 Legem
1473 2037 1529 2062 ex
1552 2022 1681 2062 Suicla

212 2097 341 2134 supra
362 2083 511 2121 retuli:
543 2082 668 2120 aliam
697 2094 883 2119 caussam
904 2080 976 2118 hic
998 2078 1206 2132 adsignat.
1268 2079 1349 2117 Sed
1379 2078 1462 2116 hoc
1482 2079 1541 2118 ita
1560 2080 1680 2117 acci-

212 2138 441 2192 piendum,
475 2137 655 2177 Athenis
679 2139 836 2189 ἑταίρας
862 2134 890 2188 ἢ
915 2142 1110 2191 γυναῖκας
1128 2132 1155 2187 ἢ
1179 2132 1360 2176 τοιοῦτόν
1386 2151 1422 2175 τι
1440 2132 1532 2176 ἄλλο
1551 2132 1681 2189 ἐφρο-

213 2194 416 2244 &rocci-3021,
457 2193 611 2249 βαπτὸν
639 2192 668 2246 ἢ
705 2191 890 2246 ἀνθηρὸν
923 2194 1012 2246 ἕχον
1044 2190 1221 2244 ἱμάτιον,
1264 2189 1434 2245 ἄγεσθαι
1469 2190 1579 2243 παρὰ
1610 2190 1681 2233 τὸν

213 2249 498 2306 ἀγωνοθέτην,
530 2249 644 2305 quod
667 2248 906 2289 adfuissent
925 2254 979 2305 τῷ
997 2245 1123 2303 ἀγῶνι
1136 2249 1546 2301 ταῖν-Παναθηναίων.
1578 2247 1683 2288 haec

214 2307 320 2347 alibi
343 2307 559 2360 copiosius
581 2305 846 2358 explicanda.
887 2305 1066 2345 Romu).

324 2363 427 2403 Eacl.
458 2367 486 2404 l.
519 2370 557 2407 3.
610 2359 782 2419 Τοιαὺτῃ
815 2361 980 2416 ἐσθῆτι)
1030 2361 1163 2400 Recte
1193 2375 1314 2411 sane,
1355 2359 1392 2399 si
1435 2370 1679 2414 sequeretur

213 2418 438 2475 χρώμενος’
470 2434 586 2458 nunc
607 2417 876 2458 scribendum
895 2428 1025 2470 puto,
1060 2419 1270 2471 ἐποίησεν,
1302 2418 1344 2459 ἐν
1360 2415 1521 2470 τοιαύτῃ
1540 2418 1681 2469 ἐσθῆτι

214 2476 435 2531 θεώμενος.
498 2474 861 2530 Quemadmodum
884 2476 957 2512 illa
980 2474 1135 2524 virtus,
1170 2474 1220 2513 de
1248 2489 1328 2528 qua
1351 2473 1542 2527 pluribus
1574 2473 1680 2511 alibi

218 2533 376 2582 dicam,
410 2532 742 2587 praepositionis
770 2531 812 2574 ἐν
833 2540 896 2570 est
917 2539 1042 2581 nota,
1072 2531 1133 2569 sic
1155 2530 1295 2569 omitti
1316 2530 1361 2567 in
1390 2529 1468 2567 hac
1495 2529 1680 2568 similive

214 2590 437 2630 locutione
458 2603 640 2643 unquam
660 2586 773 2626 haud
798 2587 993 2641 equidem
1015 2586 1198 2628 memini.
1232 2587 1410 2627 Hnmsrr.
1470 2586 1677 2638 Apertum

217 2645 375 2685 vitium
406 2647 452 2684 in
476 2645 658 2699 vulgatis
686 2643 840 2684 verbis.
902 2641 1117 2697 Χρώμενος
1134 2656 1259 2692 vero,
1293 2641 1407 2696 quod
1438 2642 1538 2679 olim
1569 2641 1678 2680 mihi

219 2702 264 2740 in
294 2710 471 2741 mentem
503 2711 698 2748 venerat,
729 2700 903 2756 linguae
934 2695 1103 2752 {Quidem
1132 2699 1294 2754 legibus
1319 2702 1400 2751 jam
1427 2697 1674 2748 satisfaciat,

219 2771 358 2813 neque
378 2767 515 2799 tamen
538 2772 632 2799 cum
658 2758 746 2800 loci
767 2771 891 2798 sensu
912 2756 1162 2801 conveniat(
1199 2755 1309 2802 Nam
1329 2768 1417 2795 non
1441 2755 1616 2795 omuino
1629 2754 1675 2793 in
