1778 3194
248 224 350 272 274
523 212 1361 268 'ADNOTATIONES

251 334 360 376 arch.
381 331 509 374 Thes.
536 346 578 385 p.
598 338 639 378 ὃ.
667 334 718 375 E.
751 326 872 383 αὖθις
893 332 1122 387 ἐξήνθησαν
1140 335 1190 375 ,αἶ
1206 335 1343 375 κακίαι
1357 365 1367 383 ,
1400 331 1523 374 denuo
1547 331 1718 387 propul-

250 391 434 432 ZuZabant
453 388 621 439 scelera,
646 390 800 444 quibus
821 387 975 429 similia
996 394 1119 443 plura
1139 390 1431 444 reperiuntur,
1455 389 1568 429 unde
1587 399 1721 427 trans..

250 448 456 488 lationem
488 445 539 484 ad
572 461 635 486 res
668 447 795 486 etiam
823 450 950 486 malas
973 445 1086 485 haud
1118 447 1385 496 inusitatam,
1420 446 1720 496 demonstrem,

252 513 295 543 et
326 517 433 556 quae
467 502 519 541 ad
543 505 759 557 vulgatum
781 504 957 542 Luciam·
975 501 1180 542 tuendum
1208 503 1403 542 adhiberi
1434 513 1604 556 queant.
1665 503 1724 540 Et

251 560 355 612 quia
378 556 540 613 αὐχμεῖν
569 558 760 598 nondum
791 559 1015 613 probatum
1048 559 1176 598 video
1199 560 1259 598 sie
1280 563 1474 614 junctum
1496 558 1623 599 ablat.
1655 561 1726 598 vel

252 615 427 665 dativo,
450 629 615 668 possem
636 615 687 654 ad
709 619 928 670 vulgatum
948 616 1123 656 Lucianz'
1144 616 1394 669 procedere,
1427 614 1633 664 dicendo,
1656 611 1724 656 ἆν-
1759 631 1762 634 ⁴

249 678 342 715 θεῖν
365 673 598 724 ἐπιθυμίαις
620 686 707 711 non
730 671 835 712 adeo
860 686 1096 726 repugnare
1118 673 1365 727 analogiae,
1399 672 1435 710 si
1461 671 1723 724 exposueris,

248 728 437 770 sterilem
460 729 581 767 illum
605 728 735 767 animi
754 728 959 778 fundum,
993 739 1041 767 ut
1057 728 1188 767 bonas
1216 729 1383 783 fruges,
1416 729 1447 767 i.
1471 742 1506 767 e.
1528 728 1722 777 viz-tutes,

248 798 339 824 non
372 785 479 836 fert,
514 785 573 823 ita
602 784 723 823 vitiis
749 783 1036 832 efflorescere,
1067 798 1146 824 ceu
1168 799 1265 839 ager
1285 784 1442 825 sterilis
1470 784 1614 823 horret
1641 783 1727 835 spi-

247 842 340 890 :nis;
384 850 426 880 et
459 855 552 880 cum
586 841 740 880 herbae
772 844 906 881 malae
948 855 1083 895 aeque
1116 856 1213 880 suos
1247 841 1433 881 habeant
1461 851 1503 881 et
1526 839 1726 892 copiosos

249 897 399 947 flores,
435 911 482 935 ac
513 897 673 943 bonae,
718 897 829 936 nihil
850 897 1102 951 prohibere,
1145 912 1228 950 quo
1259 898 1399 936 minus
1436 907 1479 936 et
1507 891 1652 939 ἀνθεῖν
1679 895 1726 933 in

245 957 396 994 malam
429 967 562 1005 aeque
594 968 640 991 ac
665 956 817 993 bonam
840 963 999 1004 partem
1033 953 1143 992 trahi
1177 964 1317 1006 queat.
1379 952 1463 993 Sed
1491 952 1653 992 nemini
1683 949 1731 989 id

248 1008 433 1051 obtrudo
447 1041 457 1058 ‚
491 1008 702 1047 indicasse
721 1009 823 1048 satis
844 1008 1002 1048 habens
1017 1041 1027 1056 ,
1063 1025 1149 1049 non
1170 1009 1312 1050 deesse
1332 1012 1522 1062 exempla
1536 1040 1547 1059 ,
1582 1008 1658 1046 ubi
1677 1006 1729 1047 de

247 1067 373 1107 rebus
395 1067 515 1103 malis
542 1064 732 1114 diss-atur,
758 1079 892 1117 aeque
924 1080 971 1103 ac
1003 1066 1106 1115 alia,
1144 1081 1251 1120 quae
1285 1069 1389 1105 licet
1412 1066 1464 1105 de
1497 1080 1541 1103 re
1581 1063 1729 1102 lauda-

248 1121 327 1162 bili
349 1121 693 1174 frequentissime
713 1120 1026 1173 praedicentur,
1041 1132 1179 1161 tamen
1203 1122 1416 1161 interdum
1438 1132 1480 1160 et
1500 1121 1550 1159 de
1574 1119 1728 1158 abhor-

248 1177 379 1218 renda
399 1179 596 1230 usurpari
617 1177 829 1227 novimus,
845 1187 891 1215 ut
906 1184 1018 1226 θεῖος
1039 1177 1090 1216 de
1112 1178 1226 1217 omni
1248 1193 1402 1231 magno
1426 1193 1472 1216 ac
1491 1175 1724 1224 laudando,

251 1234 529 1289 generaliter3
564 1233 635 1273 sed
666 1244 706 1273 et
737 1232 789 1272 de
811 1233 967 1272 morbis
992 1234 1173 1273 humana
1196 1235 1378 1274 remedia
1412 1231 1726 1285 respuentibus,

247 1292 316 1332 Ita
337 1288 530 1344 οιῗρύ-νιος
553 1289 658 1343 ”Ατη
690 1289 741 1331 tle
773 1304 923 1343 magna
946 1290 1138 1343 pernicie
1168 1306 1220 1330 ex
1242 1291 1427 1345 Aesclzyl.
1451 1291 1562 1328 Pers.
1587 1287 1728 1326 adfert

248 1347 378 1387 modo
402 1346 600 1386 laudatus
622 1346 816 1387 Abrescsz.
836 1361 932 1399 pag.
954 1352 1047 1391 216.
1073 1346 1125 1385 ad
1145 1362 1249 1401 quae
1283 1348 1376 1401 quis
1402 1346 1613 1399 excipiat,
1642 1343 1726 1382 hoc

249 1403 577 1456 exponendum,
626 1404 819 1443 Pernicies
844 1403 1006 1443 coelitus
1049 1403 1236 1453 demissa,
1279 1406 1473 1452 immissa,
1518 1400 1634 1455 quod
1675 1398 1727 1439 de

249 1459 397 1499 morbo
420 1459 667 1513 Epileptico
692 1460 779 1498 irae
798 1461 991 1498 Deorum
1009 1460 1238 1499 tribuendo
1264 1462 1353 1512 pari
1378 1460 1541 1498 ratione
1565 1457 1727 1495 dictum

247 1517 319 1556 sit.
381 1516 501 1556 Esto.
563 1516 743 1555 Interim
765 1515 989 1555 verborum
1012 1515 1112 1554 inde
1135 1531 1235 1554 usus
1260 1515 1462 1567 probatur
1489 1515 1531 1551 in
1564 1521 1728 1551 utram-

249 1586 333 1625 que
354 1576 494 1612 valere
516 1583 703 1625 partem,
734 1582 777 1610 et
797 1573 941 1611 forsan
964 1571 1074 1610 nihil
1099 1573 1141 1609 in
1163 1573 1339 1611 Luciani
1363 1574 1536 1624 vulgato
1554 1578 1728 1607 mutan-

249 1627 363 1671 dum.
389 1628 474 1666 nisi
493 1629 563 1668 ille
587 1628 827 1680 asperitatis
846 1642 894 1666 ac
915 1627 1235 1681 propullulandi
1262 1628 1524 1682 significatus
1547 1627 1591 1664 in
1614 1639 1728 1664 com-

247 1685 404 1738 positis
425 1694 590 1723 tanturn
614 1686 661 1727 ἐπ
690 1707 748 1714 ——-
776 1694 819 1723 et
839 1686 1048 1735 ἐξανθεῖν,
1072 1699 1158 1722 non
1181 1699 1280 1723 vero
1301 1685 1346 1721 in
1370 1683 1557 1736 simplici
1579 1679 1728 1724 ἀνθεῖν

249 1741 407 1789 inesse,
439 1740 625 1779 lucidius
666 1740 840 1794 probari
869 1751 1007 1794 queat.
1042 1742 1207 1779 Rmrz.
1267 1741 1318 1779 In
1351 1754 1554 1789 arenoso,
1588 1737 1724 1787 arido,

245 1797 474 1835 siticuloso
497 1797 660 1836 deserto
684 1797 828 1835 sterile
847 1807 907 1835 est
925 1800 1085 1846 solum,
1117 1812 1162 1835 ac
1186 1812 1301 1836 rarae
1320 1796 1495 1845 herbae,
1519 1794 1726 1834 rarissimi

248 1852 387 1894 fiores.
447 1855 549 1892 Tale
573 1852 782 1892 desertum
813 1852 889 1891 vix
910 1853 1034 1892 credo
1055 1853 1096 1894 h.
1118 1856 1145 1893 1.
1169 1853 1212 1891 in
1245 1853 1387 1892 animo
1409 1851 1610 1890 habuisse
1629 1850 1728 1889 Ln-

246 1911 428 1958 cianum,
462 1909 536 1947 ubi
567 1906 718 1957 πολλάς
744 1926 783 1950 τε
808 1909 876 1950 καὶ
899 1906 1041 1963 ἆγρίας
1073 1911 1291 1964 ἐπιθυμίας
1324 1915 1646 1953 commemorat,
1679 1907 1726 1943 in

245 1975 333 2003 tam
365 1976 564 2017 corrupta
623 1975 665 2004 et
710 1965 882 2005 foedata
923 1967 1061 2004 anima
1095 1969 1447 2019 propullulantes.
1523 1962 1726 2016 Intellige

247 2021 383 2076 igitur
409 2022 554 2075 potius
575 2021 803 2075 imaginem
826 2021 1009 2075 paludis,
1031 2021 1104 2061 ubi
1125 2028 1260 2062 solum
1281 2024 1556 2069 lutulentum,
1589 2028 1630 2058 et
1650 2019 1724 2057 in-

247 2092 351 2131 gens
377 2077 614 2117 multitudo
647 2089 689 2117 et
726 2079 906 2118 varietas
938 2077 1087 2118 florum
1118 2078 1427 2131 herbarumque
1454 2075 1721 2130 palustrium.

244 2135 303 2172 Et
325 2133 526 2187 probabis
550 2150 733 2184 mecum,
767 2144 815 2173 ut
831 2135 958 2174 unice
979 2150 1096 2175 veras
1112 2168 1123 2185 ,
1156 2137 1364 2175 lectiones
1386 2130 1511 2176 ἄνθεϊ
1525 2131 1600 2182 (Cf·
1622 2145 1725 2170 001¹-

246 2199 312 2229 tra
348 2189 495 2243 Scyth.
528 2205 562 2229 c.
583 2190 650 2242 9.)
683 2201 724 2230 et
745 2189 876 2243 ἰλύος,
910 2204 1017 2244 quae
1040 2206 1127 2232 vox
1147 2192 1222 2244 qui
1250 2191 1378 2229 facile
1399 2189 1441 2229 h.
1467 2192 1498 2229 1.
1521 2187 1624 2227 oriri
1647 2201 1724 2240 po-

245 2246 398 2296 tuerit,
433 2261 520 2286 non
552 2247 702 2295 video,
747 2247 902 2286 clarius
938 2257 1085 2287 contra
1115 2246 1340 2300 pervidens
1371 2244 1570 2286 vocabuli
1598 2245 1724 2294 δίψης

246 2302 475 2356 originem.
535 2303 731 2342 offendit
753 2313 891 2342 tamen
921 2303 1062 2342 adhuc
1081 2301 1157 2352 ἀεὶ,
1190 2318 1276 2343 vox
1304 2300 1531 2343 admodum
1563 2298 1724 2355 frigida

245 2358 291 2397 in
317 2358 399 2397 hoc
420 2368 642 2403 contextu.
690 2359 993 2408 Scribendum,
1016 2359 1062 2397 ni
1082 2361 1231 2410 fallor,
1254 2359 1365 2408 ἰλύος
1385 2353 1719 2412 ἐμπιμπλάμενος.

250 2413 359 2455 Guil.
382 2415 541 2468 Langio
564 2414 911 2468 incomparabilis
932 2416 1015 2454 viri
1041 2415 1237 2455 doctrina
1253 2449 1263 2466 ,
1300 2430 1477 2455 acumen
1499 2423 1542 2453 et
1572 2421 1719 2451 aucto-

243 2469 347 2509 ritas
369 2474 515 2510 oculos
541 2471 744 2511 videntur
767 2474 1004 2525 paullulum
1026 2473 1373 2524 praestrinxisse,
1407 2481 1454 2509 ut
1484 2471 1718 2509 exclamare

243 2527 463 2578 potuerit:
494 2529 584 2568 Aur
606 2528 703 2568 tales
731 2531 973 2582 conjecturae
998 2527 1074 2582 (ut
1091 2527 1260 2584 αὕχμεῑ)
1290 2533 1331 2569 in
1351 2539 1502 2569 iextum
1522 2527 1721 2579 recipien-

242 2581 321 2621 dae
338 2595 446 2634 sunt,
479 2596 547 2623 aut
560 2601 721 2638 prorsus
741 2585 901 2625 nullae!
934 2585 1092 2629 Lmffl,

354 2694 451 2748 Pag,
485 2701 550 2741 39-
583 2700 610 2736 Ῑ·
640 2704 678 2742 3·
717 2693 968 2750 Ἐπιστήσας
993 2698 1189 2752 ἐμαυτὸν)
1219 2699 1335 2739 Ferri
1363 2705 1529 2754 potest,
1560 2702 1611 2733 ut
1641 2693 1713 2732 in-

243 2757 309 2794 ter
326 2749 410 2790 duo
440 2753 564 2823 v'ejsa
586 2754 749 2794 medius
771 2757 1038 2797 accusativus
1068 2757 1121 2797 ad
1147 2767 1376 2811 utrumque
1404 2754 1635 2802 referatur,
1670 2757 1717 2789 et
