1778 3194
312 238 376 285 96

798 248 1197 280 LUC‘IANI

426 351 563 390 EPM.
597 347 832 401 Μηδαμῶς,
865 343 896 389 ὦ
919 343 1055 402 ’γαθὲ·
1089 341 1138 389 οὗ
1160 343 1236 402 γὰρ
1265 344 1409 396 πάντες
1431 346 1530 390 εἶσὶν
1556 343 1686 402 ἐπιτή-

309 420 408 460 δειοι
428 415 530 472 πρὸς
548 412 743 471 οἶμωγην·
776 411 862 458 ἀλλ’
884 417 927 458 εά
944 433 994 457 τα
1015 410 1155 470 οργίλα
1172 430 1315 466 ταυτα,
1345 416 1411 457 καὶ
1429 432 1474 468 με
1458 413 1687 469 ιρακιωδη,

140 484 350 574 {Tg-511
305 487 372 527 καὶ
397 483 468 527 τὸν
491 485 680 527 Πλοῦτον
709 483 929 540 παράλαβε.
979 480 1091 525 ου’τοι
1120 477 1362 538 ἆπόβλητά’
1346 498 1424 526 εστι
1443 479 1484 537 ¹)
1510 481 1558 524 τὰ
1578 485 1688 537 δῶρα

141 372 178 407 p·
196 371 272 405 149-

306 551 355 595 τὰ
374 550 485 608 παρὰ
504 568 576 593 του
597 549 710 600 Διός.

420 623 630 663 HAOTT.
670 617 834 672 Βούλει,
874 614 908 662 οἷ
940 622 1097 675 Τίμων,
1127 615 1495 674 δικαιολογήσωμαι
1510 619 1554 672 “)
1586 617 1690 677 πρός

306 689 372 742 615,-
406 687 439 742 ἢ
456 690 701 742 χαλεπαίνεις
722 705 788 742 μοι
809 688 985 743 λέγοντις

424 760 541 799 ΤΙΜ
574 757 696 812 Λέγε,
727 754 781 809 μὴ
803 754 933 811 μακροὶ
953 754 1001 812 ¹)
1032 756 1189 809 μέντοι,
1221 755 1319 809 μηδὲ
1337 753 1430 808 μετὰ
1448 755 1688 810 προοιμίων,

309 822 436 879 ὥςπερ
465 827 505 866 οἱ
535 825 756 878 ἐπίτριπτοι
784 821 966 878 ῥήτορες·
998 821 1185 879 ἀνέξομαι
1211 821 1286 880 γάρ
1317 837 1359 866 σε
1380 820 1494 879 ὀλίγα
1512 824 1689 879 λέγοντα,

307 892 373 936 διὰ
394 891 467 934 τὸν
485 888 636 945 Ἑρμῆν
652 893 699 944 y)
729 894 900 934 τουτονί.

421 963 634 1001 ΠΛΟΤΤ.
671 955 817 1015 Ἐχρῆν
845 960 978 1014 μέντοι
1007 961 1108 1009 ἴσως
1133 960 1202 1003 καὶ
1234 957 1367 1016 μακρὰ
1392 960 1540 1011 simbus,
1582 957 1689 1002 οὕτω

304 1026 434 1071 πολλὰ
452 1023 533 1069 find
557 1031 634 1070 σοῦ’
651 1029 997 1083 κατηγορηθέντα·
1029 1027 1137 1082 ὅμως
1157 1028 1198 1072 δὲ
1218 1025 1294 1084 ’ὅρα
1318 1029 1357 1071 εἷ’
1370 1045 1407 1071 τι
1422 1043 1488 1080 σε,
1519 1024 1573 1076 ὦς
1592 1024 1690 1085 φῄς,

304 1094 503 1151 ἠδίκηκα·
546 1092 593 1144 ὃς
620 1099 699 1137 τῶν
726 1096 797 1149 μὲν
825 1092 997 1149 ἡδίστων
1026 1093 1216 1138 ἁπάντων
1243 1093 1369 1145 αἴτιός
1399 1110 1466 1139 σοι
1483 1096 1692 1149 κατέστην,

304 1169 443 1219 τιμῆς,
473 1163 540 1205 καὶ
566 1165 805 1217 προεδρίας,
835 1164 904 1205 καὶ
933 1163 1165 1216 στεφάνων,
1196 1165 1352 1216 καὶτῆς
1380 1161 1500 1217 ἄλλης
1518 1167 1688 1218 τρυφῆς·

304 1234 566 1286 περίβλεπτος
601 1232 642 1272 δέ
667 1233 792 1281 τοιΖ)
824 1232 891 1272 καὶ
918 1227 1102 1284 ἀοίδιμος
1131 1229 1187 1272 δι’
1216 1231 1281 1285 ε’μὲ
1309 1225 1439 1285 ἦσθα,
1479 1232 1549 1272 καὶ
1582 1247 1692 1285 περι-

306 1298 556 1348 σπούδαστος
568 1310 578 1318 ”
609 1300 645 1340 εἰ
660 1299 702 1340 δέ
718 1316 755 1340 τι
774 1297 942 1352 χαλεπὸν
963 1300 1007 1340 ἐκ
1026 1303 1107 1340 τῶν
1125 1297 1312 1341 κολάκων
1334 1299 1558 1350 πέπονθας,
1579 1293 1692 1340 ‹ivat-

304 1385 388 1416 τιος
407 1363 481 1422 ἐγώ
505 1378 591 1409 σοι·
630 1369 777 1419 μᾶλλον
800 1366 842 1409 δὲ
863 1364 985 1416 αὐτὸς
1013 1364 1207 1421 ἠδίκημαι
1221 1370 1338 1408 τοῦτο
1353 1362 1435 1410 ὑπὸ
1460 1371 1560 1419 σοῦ’,
1588 1363 1692 1410 διότι
1727 1383 1730 1386 ’

160 955 198 989 p.
215 945 291 988 150.

221 998 277 1038 88

349 1469 388 1512 t)
416 1466 491 1503 ἔστ
503 1472 540 1511 ι]
566 1466 657 1502 Sic
646 1479 685 1500 in
705 1469 856 1502 Home-1.
876 1474 911 1502 et
931 1467 1365 1514 cod.Aug‘Vu1g.'se⁶c.

1425 1468 1472 1524 u)
1496 1468 1691 1503 δικαιο-

397 1518 479 1559 λογ
491 1512 702 1569 ησωμαι]
729 1515 791 1548 Sic
818 1527 839 1548 e
862 1516 958 1557 conj.
983 1517 1119 1547 IIemst.
1142 1526 1210 1558 pro
1232 1512 1573 1559 δικαιολογήσομαι.
1645 1516 1688 1558 x)

396 1558 582 1605 μακρὰ]
608 1562 663 1592 Ita
686 1562 790 1591 Hem
787 1570 821 1592 t.
843 1572 863 1594 e
880 1562 917 1593 Ρ.
931 1568 966 1594 et
984 1571 1102 1604 marg.
1122 1562 1161 1593 A.
1179 1573 1208 1594 1.
1229 1561 1288 1594 W
1338 1560 1459 1593 Habet
1476 1561 1588 1594 etiarn
1600 1561 1689 1604 Arg·

398 1609 444 1639 In
463 1606 616 1652 leliquis
633 1605 790 1649 μακράν.
839 1607 886 1650 y)
909 1603 1055 1663 Ερμῆ
1064 1607 1111 1649 ν]
1135 1608 1192 1639 Ita
1212 1608 1347 1638 Hemst.
1371 1607 1463 1639 exP.
1488 1607 1690 1641 confirma-

398 1660 460 1686 tur
479 1659 515 1685 et
537 1653 619 1685 cod.
641 1654 734 1697 Aug.
748 1676 756 1695 ,
781 1664 850 1697 pro
869 1652 969 1697 vulg.
1003 1653 1124 1697 Ερμῆ.

303 1745 410 1785 nino
457 1743 652 1784 homines
684 1746 839 1798 ejulare
873 1749 966 1784 coe·-

306 1816 428 1855 g1sse.

363 1860 470 1898 Μεν.
505 1857 622 1899 Cave
636 1857 777 1897 isthuc
796 1857 924 1909 dicas,
942 1873 965 1897 o

304 1914 430 1953 bone.
464 1928 599 1968 neque
623 1914 737 1953 enim
757 1928 899 1953 omnes
916 1914 969 1952 ad.

304 1969 553 2023 ejulandum
584 1979 697 2009 recte
736 1971 969 2023 comparati

303 2038 418 2065 sunt.
471 2025 554 2065 Sed
581 2027 708 2064 istam
740 2036 855 2064 tuam
886 2027 966 2065 ira-

304 2081 518 2131 cundiam,
550 2091 593 2121 et
611 2082 844 2121 inconsulti
868 2081 967 2122 ado-

302 2138 502 2177 lescentis
543 2138 749 2190 impetum
798 2139 963 2189 mittas,

304 2195 488 2244 Timon,
534 2208 582 2232 ac
603 2195 775 2233 Plutum
811 2195 964 2246 recipe.

306 2250 427 2304 Quae
450 2265 472 2289 a
513 2249 622 2290 Jove
641 2250 871 2289 mittuntur
893 2250 967 2289 do-

301 2321 374 2356 na,
407 2321 454 2345 ea
480 2306 729 2360 neutiquam
745 2320 967 2359 aspernan-

306 2362 357 2401 da
378 2371 491 2401 sunt.

360 2420 476 2458 Plut.
522 2417 667 2472 Quid,
706 2418 876 2467 Timon,
918 2432 967 2455 u-

305 2485 415 2514 trum
435 2475 500 2513 vis
522 2489 586 2514 me
619 2489 785 2513 causam
820 2474 964 2513 adver-

305 2545 374 2570 sus
395 2540 436 2570 te
457 2530 611 2584 agere?
645 2545 697 2568 an
722 2530 802 2568 tibi
835 2532 964 2569 mole·

302 2597 412 2626 stum
437 2597 499 2626 est
520 2586 644 2640 loqui
666 2586 764 2625 me?

369 2645 471 2682 Tim.
512 2643 622 2692 Dic,
667 2643 784 2681 sino:

305 2713 358 2737 ne
407 2702 580 2751 longam
641 2698 874 2737 orationem
924 2706 967 2736 et

304 2754 486 2807 prolixis
525 2755 755 2806 prooemiis
800 2768 966 2808 gravem

307 2809 481 2859 habeaS,
523 2809 637 2864 quod
658 2811 797 2851 facere
825 2809 965 2863 perdi·

837 2640 963 2680 modo

1183 1652 1224 1694 z)
1250 1653 1352 1696 τοι]
1376 1664 1415 1687 τε
1432 1654 1526 1697 Aug.

1026 1743 1181 1783 tissimi
1203 1743 1276 1783 isti
1305 1743 1496 1785 rhetores
1532 1746 1688 1785 solent.

1026 1800 1075 1840 Id
1095 1801 1208 1839 enim
1232 1800 1478 1850 Mercurio,
1513 1801 1588 1854 qui
1613 1801 1687 1840 hic

1027 1855 1158 1906 adest,
1192 1870 1214 1893 a
1234 1870 1299 1894 me
1329 1856 1565 1907 tribuatui,
1603 1857 1689 1897 tibi

1026 1921 1075 1950 ut
1092 1926 1227 1965 pauca
1249 1911 1410 1951 dicenti
1424 1926 1542 1953 aures
1563 1926 1689 1966 prae-

1026 1968 1159 2010 beam.

1084 2023 1208 2063 Plat.
1241 2023 1584 2065 Consentaneum
1596 2026 1688 2080 qui-

1027 2080 1119 2121 dem
1149 2091 1238 2121 erat
1282 2081 1451 2134 prolixa
1494 2082 1688 2122 oratione

1026 2138 1091 2176 uti
1111 2152 1192 2186 me,
1235 2150 1359 2190 quem
1388 2147 1471 2175 tam
1500 2138 1688 2191 graviter

1026 2192 1260 2232 accusasti:
1307 2201 1447 2231 tamen
1500 2193 1685 2246 dispice,

1026 2264 1079 2287 an
1100 2259 1155 2298 te,
1189 2246 1304 2303 quod
1326 2248 1399 2297 ais,
1416 2248 1573 2302 injuria
1588 2249 1687 2289 affe·

1026 2305 1169 2354 cerini,
1204 2304 1278 2356 qui
1307 2303 1390 2342 tibi
1418 2305 1685 2344 suavissima·

1024 2376 1116 2399 rum
1142 2374 1403 2413 quarumque
1425 2374 1577 2412 rerum,
1609 2361 1686 2400 ho·

1023 2416 1139 2455 noris
1158 2416 1337 2465 scilicet,
1360 2416 1684 2468 praesidentiae,

1024 2487 1288 2522 coronarum,
1323 2473 1584 2526 aliarumque
1606 2487 1686 2512 vo-

1021 2533 1235 2581 luptatum
1275 2542 1399 2567 causa
1435 2529 1513 2569 fui.
1581 2529 1684 2569 Pro·

1023 2595 1117 2637 pter
1137 2599 1202 2623 me
1224 2583 1466 2637 spectabilis
1496 2598 1609 2635 eras,
1641 2594 1686 2624 et

1025 2641 1074 2679 ab
1117 2640 1312 2680 omnibus
1362 2638 1593 2679 celebratus
1636 2654 1688 2690 ac·

1026 2699 1184 2736 cultus:
1217 2698 1251 2734 si
1272 2694 1373 2749 quid
1395 2705 1547 2745 autem,
1568 2695 1685 2750 quod

1024 2753 1157 2801 nolis,
1191 2751 1241 2789 ab
1273 2751 1600 2791 assentatoribus
1630 2752 1684 2790 ti..

1024 2808 1068 2846 bi
1091 2807 1262 2858 accidit,
1296 2807 1341 2846 in
1362 2821 1426 2848 me
1463 2821 1561 2860 non,
1586 2806 1679 2846 hae-
