1778 3194
546 249 1116 285 PRAEFATIO.
1462 255 1560 287 Xill

100 366 401 415 Graecorum
443 363 494 412 in
537 359 856 426 Philologiam
903 359 1095 408 Sacram
1134 379 1236 409 non
1276 360 1556 423 inferendis,

96 435 224 500 Lips.
262 438 405 485 1751,
440 438 484 482 4.
514 449 652 498 pagg.
694 436 772 480 28.
823 433 956 477 Gail.
1003 429 1193 477 LANGH
1237 430 1557 479 Animadver-

95 504 253 552 siones
286 493 336 550 in
377 502 610 567 quosdam
654 498 869 547 chrANt
912 497 1127 558 libellos,
1176 499 1286 547 Hal.
1321 502 1465 550 1795.
1506 506 1555 550 8.

92 591 229 640 pagg.
262 575 341 622 53.
380 574 565 632 Traug.
595 571 801 616 Freder.
845 567 1120 614 BENEmen
1166 566 1225 614 de
1267 567 1555 632 quibusdam

90 640 306 688 LUGIANI
348 638 465 700 locis
502 636 852 685 observationes
869 672 882 695 ,
930 635 1059 699 Lips.
1096 641 1240 686 1814.
1273 642 1318 687 4.
1353 656 1431 701 pp.
1473 643 1552 688 14,

91 714 168 758 Jo.
236 707 462 754 SEAGERI
517 704 970 753 Animadversiones
1014 703 1074 750 ad
1127 704 1418 765 anmzwn,
1475 724 1554 754 ναι

91 777 170 824 riis
188 774 423 823 fasciculis
445 773 600 821 Diarii
630 774 797 837 hujus:
844 772 1062 820 Classical
1086 772 1292 820 Journal
1324 773 1554 837 insertas3

95 848 146 892 C.
170 847 229 892 G.
253 844 285 890 J
287 861 428 891 Acom
449 844 699 909 Symbolas
724 842 785 889 ad
807 841 962 888 Crisin
985 841 1276 888 Lucianeam
1299 841 1349 888 in
1381 842 1554 889 Hilde-

88 911 230 960 siensi
251 912 372 959 Bibl.
395 911 508 962 Crit.
541 911 599 958 T.
623 916 664 961 1.
691 924 778 958 etc.
810 910 995 957 curiose
1016 912 1299 974 conquirere
1331 925 1378 958 et
1402 909 1554 975 degu-

86 993 208 1028 stare
237 999 486 1046 nunquam
515 998 591 1027 me
624 980 816 1027 taeduit.
887 978 1058 1043 Neque
1091 976 1376 1045 negligenda
1414 978 1551 1042 duxi,

88 1067 210 1114 quae
232 1063 342 1113 post
380 1049 572 1097 Revrzu
605 1048 865 1096 editionem
896 1048 1133 1112 vulgatam
1155 1066 1180 1094 a
1214 1047 1339 1095 Viris
1364 1047 1548 1110 Decus,

85 1120 144 1165 ab
223 1119 594 1178 Abresclzio,
667 1119 1117 1179 Valckenario,
1192 1120 1548 1181 Lennepio‚

86 1186 483 1247 Ruhnkenio‚
533 1189 1037 1248 IVyttenbaclzio,
1094 1190 1393 1248 Por-sono,
1439 1185 1559 1234 Ja-'

85 1256 315 1316 coh-sio,
376 1258 770 1317 Hermanno,
837 1258 1207 1319 Sellaefem),
1279 1258 1374 1302 Ba
1393 1258 1548 1317 sitio,

81 1327 534 1383 Boissonaclz'o,
624 1328 1026 1384 Battmamw,
1117 1324 1545 1386 Mattlzz‘aez'o,

81 1392 417 1454 Lobessckio,
452 1394 710 1439 Strzcvio
734 1392 803 1454 *),
852 1394 1167 1453 Goellero,
1208 1396 1268 1440 G.
1292 1395 1353 1439 L.
1382 1396 1547 1441 Wal-

79 1460 238 1521 chio,
283 1460 402 1520 aliis,
448 1458 546 1504 huc
575 1458 693 1505 illuc
737 1477 762 1505 e
794 1460 1026 1506 thesauris
1058 1461 1152 1506 suis
1184 1459 1244 1508 ad
1283 1460 1545 1508 colendum

79 1526 349 1576 LUCIANUM
366 1531 579 1592 projecta
603 1540 714 1573 sunt
733 1546 876 1592 grana
890 1528 1077 1589 critica3
1113 1547 1321 1593 quorum
1345 1529 1547 1576 immen-

78 1613 127 1642 sa
147 1613 298 1660 paene
321 1596 458 1661 copia
484 1596 521 1641 si
549 1613 648 1642 non
670 1595 979 1661 largissimam
993 1596 1179 1644 dedisse
1192 1595 1408 1645 videatur
1421 1617 1546 1644 mes-

78 1680 194 1724 sem,
228 1683 328 1712 non
347 1665 647 1711 mirabuntur
673 1679 800 1711 certe
823 1664 870 1724 ii,
889 1665 975 1730 qui
1000 1678 1219 1712 naturam
1245 1665 1406 1712 talium
1429 1685 1544 1731 pro-

75 1732 363 1796 jectitiorum
386 1735 603 1780 foetuum
633 1747 827 1781 norunt.
876 1733 982 1798 Ipse
1004 1734 1196 1781 nonnisi
1223 1734 1304 1782 ubi
1331 1749 1459 1781 certa
1494 1749 1543 1783 et

77 1802 318 1864 explorata
345 1819 419 1848 res
455 1815 579 1861 erat,
628 1817 788 1848 meum
818 1801 1068 1867 ingenium
1099 1816 1291 1849 secutus
1330 1817 1543 1851 veterem

74 1883 260 1917 textum
283 1871 484 1931 mutavi3
521 1870 591 1915 sin
618 1869 883 1933 probabilis
906 1884 1088 1917 tantum
1108 1871 1356 1919 videbatur
1378 1876 1542 1935 conje-

76 1950 229 1997 ctura,
265 1939 415 1985 futuri
434 1936 679 2000 cujusdam
696 1938 980 1986 successoris
1004 1939 1098 1985 mei
1119 1939 1316 1987 arbitrio
1340 1957 1442 1987 eam
1466 1958 1542 1987 rc-

74 2006 292 2069 linquere
322 2007 464 2053 satius
497 2005 638 2065 duxi,
685 2011 1065 2069 conjecturarum
1098 2022 1364 2055 ceterarum
1393 2009 1543 2057 varia-

75 2092 280 2138 rumque
300 2075 580 2134 lectionum,
619 2091 733 2138 quas
760 2074 988 2122 oblivioni
1011 2074 1133 2121 tradi
1156 2077 1352 2136 nollem,
1388 2077 1542 2124 indici

73 2141 386 2206 adscriptam3
408 2143 586 2208 quippe
610 2142 938 2207 indulgentiae
959 2143 1031 2189 sui
1051 2158 1192 2205 ratus,
1216 2158 1268 2190 ut
1287 2163 1540 2210 nusquam,

74 2209 137 2258 ita
154 2211 346 2257 minime
368 2212 417 2258 in
448 2209 700 2258 reddendo
735 2211 906 2258 veteris
930 2215 1259 2276 cujuscunque
1294 2213 1539 2278 scriptoris

62 2277 397 2343 chirographo
417 2280 582 2327 Iocum
619 2296 717 2325 esse
743 2278 931 2327 dehere.
1002 2280 1134 2328 Haec
1160 2281 1222 2328 de
1243 2281 1409 2330 critico
1432 2300 1541 2330 mu-

72 2362 188 2394 nere
213 2364 322 2396 meo
341 2346 465 2395 dicta
490 2347 737 2396 sufficiant.

207 2481 282 2530 De
305 2483 384 2546 iis,
418 2502 541 2551 quae
566 2484 627 2533 ad
645 2482 984 2533 illustrandum
1001 2485 1281 2551 scriptorem
1304 2503 1534 2553 spectant,

113 2686 150 2730 ⁸)
189 2687 293 2729 cujus
327 2689 477 2733 quidem
509 2691 711 2725 acutissimi
740 2690 811 2725 viri
836 2691 1076 2725 Lectionibus
1105 2691 1300 2727 Lucianeis
1326 2693 1533 2729 etiamnum

161 2742 233 2773 me,
256 2741 466 2779 postquam,
491 2743 532 2769 ut
552 2748 807 2781 compararem
819 2739 938 2774 varias
955 2739 1142 2784 ingressus
1162 2751 1246 2776 sum
1258 2739 1346 2783 vias,
1373 2740 1532 2775 destitu·

162 2782 244 2813 tum
266 2790 356 2826 esse,
381 2783 583 2827 aegerrime
601 2783 694 2819 fero.
