1778 3194
229 234 881 275 SCRIPTISQUE
950 232 1558 267 LU01AN1.XLV11.

95 343 163 384 dri
190 341 441 398 impostoris
469 354 526 380 ex·
552 338 733 378 Luciano
754 340 946 383 enarrat,
979 345 1109 387 quam
1141 344 1198 370 ex
1217 330 1363 371 Nostro
1389 339 1557 388 peten-

95 411 195 452 dam
216 425 306 450 non
338 417 611 463 repetemus,
646 404 756 442 haec
788 410 937 441 tamen
971 414 1091 453 exp.
1113 403 1209 443 713.
1236 412 1324 454 seq,
1351 399 1405 440 ad
1427 409 1557 441 aeta„-

95 487 187 520 tem
210 474 606 529 Lucianiksacientia
626 484 716 510 non
737 469 1014 509 omittemus:
1040 466 1173 507 Fama
1184 466 1433 508 Alexandri
1450 482 1559 510 mox

93 546 141 586 in
162 544 336 585 Italiam
353 554 490 596 usque
514 539 655 579 delata
689 546 777 588 est,
811 543 856 590 et
877 536 1203 576 venerabantur
1231 549 1331 577 eum
1353 539 1487 578 etiam
1507 540 1558 579 in

95 613 197 652 aula
225 611 289 651 M.
322 608 500 657 Aurelii,
541 606 617 646 ubi
641 614 875 659 patronum
902 603 1057 642 habuit
1076 601 1377 656 Rutili-anum,
1408 607 1559 647 virum

95 681 262 735 primae
285 677 507 729 dignitatis
522 707 532 725 ,
565 672 641 713 sed
663 670 899 712 admodum
919 670 1273 725 superstitiosum
1287 703 1297 722 ‚
1322 673 1482 727 quique
1504 688 1558 714 eo

97 747 344 788 dementiae
364 742 600 798 processit,
631 747 681 779 ut
699 747 843 779 aetate
876 737 1007 779 valde
1036 740 1232 792 prosecta
1258 738 1396 779 filiam
1421 741 1556 792 hujus

93 813 344 869 impostoris
385 810 587 860 duceret,
641 806 822 847 credens
858 804 1034 846 Lunam
1081 808 1174 857 ejus
1215 819 1319 845 esse*
1353 815 1556 848 matrem,

93 881 219 921 Falsa
232 892 341 935 quae
357 876 555 917 ediderat
573 875 747 916 oracula
763 874 970 912 Severiano
986 880 1030 912 et
1044 873 1209 912 Vindici
1221 874 1405 914 ducibus
1419 889 1558 916 exer—

96 949 260 988 cituum
283 945 597 994 Romanorum,
612 940 847 996 (Pseudom.
873 941 1010 992 027.)
1024 941 1445 992 auctoritatem'eJ'us
1467 956 1560 981 non

94 1015 354 1056 minuebant
371 1013 417 1051 in
440 1011 663 1050 mentibus
679 1009 881 1060 illorum,
916 1023 1024 1063 quos
1049 1007 1236 1048 daemon
1257 1010 1454 1064 captivos
1483 1018 1561 1050 ‘te-

96 1083 220 1133 nuit,
252 1082 412 1137 quique
435 1080 687 1129 merebant,
718 1085 767 1117 ut
793 1076 970 1131 spiritui
999 1078 1157 1116 erroris
1187 1077 1558 1131 relinquerentur,

97 1156 146 1188 ut
165 1147 394 1188 crederent
413 1145 667 1197 mendacio,
699 1143 816 1200 quod
841 1159 929 1183 non
949 1152 1207 1197 receperant
1235 1157 1283 1183 ac
1310 1143 1560 1186 dilexerant

97 1217 346 1266 veritatem,
379 1227 490 1269 quae
512 1225 587 1254 eos
608 1211 663 1252 ad
692 1214 880 1254 salutem
898 1210 1192 1266 perduxisset.

208 1361 274 1402 Eo
292 1374 421 1416 porro
442 1361 706 1402 insolentiae
726 1371 980 1414 progressus
1009 1367 1075 1400 est
1089 1388 1100 1406 ,
1134 1366 1183 1398 ut
1214 1361 1264 1399 ab
1284 1357 1558 1414 Imperatore

81 1431 276 1471 veniam
315 1437 487 1480 rogaret
525 1436 730 1468 monetae
771 1426 1108 1481 percutiendae,
1172 1441 1281 1481 qnae
1318 1428 1559 1479 imaginem

94 1510 220 1537 suam
244 1498 297 1536 ab
317 1498 450 1536 altera
476 1503 624 1550 parte,
657 1503 700 1534 et
721 1493 929 1547 Glyconis
952 1495 1003 1532 ab
1034 1496 1169 1533 altera
1201 1496 1399 1535 referret.
1456 1494 1559 1535 Non

93 1564 270 1605 additur
284 1596 294 1615 ,
317 1577 424 1603 num
442 1562 487 1601 id
508 1563 760 1602 obtinuerit.
796 1562 897 1614 [sed
917 1576 972 1601 ex
990 1569 1113 1615 parte
1137 1562 1382 1601 obtinuisse
1401 1562 1558 1604 existi„

96 1639 188 1673 mat
206 1631 379 1672 solanus
399 1631 445 1670 in
466 1639 570 1671 nota
593 1630 647 1671 ad
667 1646 701 1670 c.
723 1634 790 1675 58.
820 1629 1053 1682 Ρεειιιῐοηι.]

150 1783 154 1786 ·
205 1760 342 1802 Fraus
361 1759 541 1801 tandem
565 1759 696 1801 desiit
714 1769 854 1802 morte
884 1761 1151 1816 impostoris.
1182 1783 1239 1790 --
1266 1759 1405 1800 Periit
1437 1758 1558 1801 enim

94 1837 196 1871 ante
227 1830 293 1869 M.
324 1824 557 1878 Aurelium,
599 1829 666 1880 (si
703 1830 782 1868 ille
824 1828 944 1869 idem
976 1837 1042 1868 est
1068 1828 1354 1877 Alexander)
1382 1827 1435 1866 de
1470 1841 1558 1882 quo

95 1898 375 1948 Athenagoras
393 1910 435 1950 p.
458 1899 510 1937 29
538 1904 582 1936 et
613 1901 681 1939 30.
706 1897 788 1946 ait,
823 1898 932 1936 circa
955 1911 1120 1936 annum
1143 1901 1235 1939 180.
1267 1896 1459 1950 conspici
1480 1908 1559 1935 se·-

96 1966 299 2019 pulcrum
328 1963 378 2002 in
398 1976 521 2013 area,
557 1963 706 2015 grande
730 1964 846 2016 place
874 1963 994 2016 (soro
1023 1967 1217 2014 majore)
1250 1963 1405 2004 Pal-iae
1436 1963 1559 2002 urbis

97 2031 401 2084 Hellesponti,
432 2031 479 2069 in
507 2030 749 2085 eodemque
776 2033 873 2071 soro
905 2038 1047 2070 statua
1069 2032 1202 2071 etiam
1236 2041 1329 2071 erat
1348 2032 1560 2071 Alexan-

99 2097 188 2148 dri,
226 2099 294 2137 cui
322 2098 644 2137 sacrificabatur
672 2106 720 2137 ut
753 2097 871 2148 Deo,
913 2094 1113 2151 festaque
1141 2099 1315 2153 publica
1345 2098 1561 2138 institue-

96 2166 278 2216 bantur,
314 2177 392 2219 spe
413 2165 678 2205 obtinendae
699 2165 940 2205 sanationis
960 2179 984 2204 a
1002 2165 1137 2204 variis
1155 2166 1331 2207 morbis.

211 2294 418 2334 Lucianus
437 2293 614 2334 tandem
638 2308 840 2335 accusare
863 2293 1168 2334 Alexandrum
1196 2295 1388 2335 tentavit
1418 2307 1564 2334 coram

96 2362 317 2417 praefecto
349 2360 586 2413 Bithyniae
626 2370 670 2402 et
700 2360 852 2401 Ponti:
897 2361 970 2401 sed
1003 2376 1099 2402 cum
1133 2363 1247 2402 nihil
1284 2362 1504 2403 obtineret
1536 2377 1562 2402 a

94 2429 319 2483 praefecto
370 2435 622 2479 metuente,
689 2442 744 2469 ne
804 2427 1083 2469 Rutilianum
1135 2428 1401 2481 offenderet,
1467 2445 1559 2470 nou

96 2496 228 2536 aliam
263 2492 471 2533 Lucianus
508 2494 562 2535 de
602 2496 862 2537 Alexandro
902 2495 1143 2538 vindictam
1186 2510 1360 2538 sumere
1397 2497 1558 2553 potuit,

95 2575 226 2618 quam
259 2564 353 2612 ejus
383 2562 547 2613 vitam,
578 2572 809 2619 postquam
841 2565 1047 2615 obiisset,
1094 2565 1338 2605 scribendo.
1406 2565 1476 2607 Ibi
1511 2580 1558 2605 se

94 2629 325 2669 inimicum
347 2630 440 2679 ejus
460 2631 711 2684 profitetur,
743 2630 940 2685 adeoque
963 2632 1204 2673 accidentia
1231 2633 1443 2688 quaedam
1473 2633 1559 2673 ad·-

96 2693 259 2739 didisse
286 2696 455 2751 potuit,
495 2698 650 2751 quibus
669 2700 789 2741 hunc
817 2700 1106 2755 impostorem
1125 2701 1263 2753 magis
1291 2701 1554 2743 diffamaret.
