1778 3194
556 290 643 322 IN
730 288 1170 322 TIMONEM.
1495 281 1594 327 367

128 388 357 435 ἅποθανεῖν
375 386 456 432 ὖπό
478 405 599 439 τινος.
622 388 727 427 Eam
745 385 801 427 ob
821 400 1007 427 caussam
1031 385 1122 426 fieri
1138 387 1312 427 omnino
1332 402 1417 429 non
1439 399 1596 444 potest,

129 449 235 503 quin
260 446 489 488 secundum
507 460 647 485 casum
669 458 992 499 praeponamus,
1016 442 1251 497 Stephani
1225 444 1306 487 υπὸ
1324 447 1596 502 μανδραγόρα,

125 506 267 545 demto
290 521 325 557 ι,
355 497 603 543 Florentina
637 501 806 556 liquido
836 500 1047 554 praefert:
1080 500 1125 538 id
1157 513 1380 554 sequentes
1406 504 1597 545 editores

122 561 327 603 videntur
346 560 588 600 immutasse
608 572 685 613 pro
716 572 793 598 suo
816 557 994 611 quisque
1016 566 1165 609 captu,
1199 556 1270 596 hic
1301 560 1344 596 in
1368 559 1595 616 μανδραγό-

122 635 198 674 ρᾳ,
249 616 366 672 quod
399 619 480 666 jam
522 616 567 654 in
606 624 784 684 utraque
817 615 979 654 Veneta
1017 623 1059 653 et
1094 613 1251 652 Aldina
1291 615 1424 667 prima
1476 632 1594 671 repe-

121 675 255 726 titur,
290 674 397 713 alius
431 675 474 712 in
506 670 811 728 μανδραγόρου·
843 684 983 725 neque
1022 667 1231 719 diffiteor,
1265 685 1352 710 eam
1389 687 1477 713 esse
1506 675 1595 713 for-

122 746 229 771 mam
261 733 390 784 longe
417 729 761 778 usitatissimam,
804 728 865 766 sic
895 737 941 765 ut
976 728 1151 767 alterius
1180 730 1417 780 exemplum
1451 729 1594 770 adhue

118 787 259 826 mihi
248 802 292 825 in
318 798 489 841 promtu
507 786 562 824 sit
585 788 774 825 nullum:
807 798 892 822 non
916 793 1056 822 tamen
1077 781 1240 821 idcirco
1261 785 1497 830 spernenda
1518 786 1594 824 vi·-

120 843 300 882 debatur
340 843 546 896 principis
588 840 795 881 editionis
826 839 1085 890 auctoritas,
1129 839 1373 892 praesertim
1418 856 1510 880 cum
1552 852 1596 882 et

119 900 362 953 Stephanus,
394 897 509 937 haud
528 912 703 950 parvum
727 898 772 935 in
798 896 882 935 hoc
901 899 1117 936 literarum
1143 911 1218 950 geu
1210 910 1295 935 ere
1319 908 1593 948 momentum,

120 955 336 995 accederet
355 985 365 1003 ‚
407 965 448 994 et
478 956 675 1009 analogia
708 952 923 993 formandi
956 967 1030 1005 par
1062 952 1105 990 in
1135 953 1282 990 multis
1313 954 1408 993 aliis
1436 969 1597 1007 nequa-

122 1026 248 1065 quam
315 1012 613 1064 refragaretur.
696 1011 766 1050 De
803 1009 1106 1065 mandragorae
1148 1009 1309 1049 virtute
1356 1011 1596 1065 soporifera

114 1070 376 1121 complures:
410 1067 539 1107 Senen.
566 1067 730 1107 Samon.

333 1124 417 1163 Nec
441 1140 518 1163 non
546 1124 872 1178 mandragorae
857 1135 966 1162 “usin
984 1138 1102 1176 sopor
1119 1122 1280 1161 additur
1302 1122 1428 1163 alius:

116 1180 176 1218 ibi
205 1179 306 1218 vide
336 1179 439 1220 Rob.
473 1181 672 1221 Iseuclzen.
704 1195 745 1234 p.
777 1186 874 1224 282.
908 1190 949 1220 et
974 1180 1157 1219 Seberum
1189 1179 1240 1218 ad
1263 1179 1369 1220 Poll.
1402 1180 1460 1229 V,
1494 1185 1587 1224 132.

116 1237 481 1289 1¹·73·Xe⁷10pl12-
502 1238 646 1305 Symp.
679 1252 775 1296 pag:
799 1243 895 1281 512.
922 1250 962 1275 v-
983 1241 1050 1279 28
1085 1232 1107 1277 ὁ
1132 1234 1242 1284 οἶνος
1266 1235 1401 1289 α’ρὸων
1419 1237 1490 1285 τὰς
1509 1248 1592 1288 ψυο

117 1291 212 1347 χάς,
244 1292 313 1341 τὰς
334 1294 404 1345 μὲν
424 1293 572 1343 λύπας,
601 1292 729 1344 ὧςπεο
751 1301 771 1335 o
795 1290 1075 1346 μανδραγόρας
1094 1291 1187 1340 τοὺς
1207 1291 1474 1345 ἀνθοώπους,
1506 1310 1590 1335 κοι-

117 1352 238 1403 μίξει·
265 1345 512 1402 ἀνθρώπους
532 1359 700 1388 servant
713 1350 939 1388 Athenaeus
955 1359 995 1388 et
1011 1348 1232 1388 Stobensis:
1257 1349 1588 1389 ArtemidorusI.

116 1421 151 1446 c
174 1410 241 1449 68
265 1404 434 1458 ἀνδρὸς,
468 1409 557 1455 vel,
592 1415 639 1444 ut
666 1406 820 1446 Tollius
843 1406 967 1445 etiam
993 1407 1160 1458 posuit,
1194 1400 1369 1457 ἄνδράς·
1403 1420 1479 1458 pro
1495 1419 1586 1471 ‘quo

117 1461 283 1503 Cornar
261 1478 348 1500 zum
364 1461 608 1501 anlmadvel
614 1472 740 1500 timus
761 1463 804 1500 in
821 1463 1014 1501 versione
1033 1465 1163 1515 longe
1176 1462 1293 1501 aliud
1315 1464 1588 1515 expressisse,

115 1519 315 1557 nimiiurn
336 1513 452 1567 ἀνίας
474 1521 542 1557 vel
563 1515 723 1567 ὀδύνας.
766 1519 949 1558 ΗΕΜεΤ.
974 1518 1032 1557 ΙΙ.

223 1602 322 1657 Pag.
354 1605 553 1647 68.1.0.
596 1605 777 1659 Λημςῖς)
817 1604 934 1642 Haec
967 1603 1153 1641 illustrat
1184 1602 1336 1642 Erasm.
1354 1601 1500 1669 Adag.
1542 1603 1587 1640 in

115 1658 322 1699 Saturniae
354 1660 484 1701 lemae.
544 1660 749 1700 Proxime
787 1660 1004 1712 sequitur,
1037 1676 1084 1699 τα
1112 1659 1191 1699 aim
1219 1662 1306 1701 ἐκκε
1309 1657 1505 1709 κώφωσαι
1537 1659 1588 1697 de

114 1717 244 1780 Jove,
278 1716 347 1754 cui
369 1732 467 1770 prae
490 1717 610 1756 senio
632 1730 753 1756 aures
775 1713 1115 1755 obsurduerunt.
1148 1716 1238 1767 ipsa
1259 1715 1423 1754 locutio
1450 1717 1589 1754 Plato-

117 1772 233 1822 nica,
266 1771 335 1810 sed
363 1775 506 1825 paullo
530 1772 695 1811 diversa
717 1781 949 1823 potestate,
983 1770 1155 1825 quando
1191 1772 1285 1824 quis
1312 1771 1527 1824 frequenti
1547 1780 1590 1810 et

114 1831 290 1868 molesta
312 1843 444 1881 pae1.e
468 1828 529 1867 rei
550 1828 951 1867 commemoratione
977 1828 1105 1866 alium
1135 1827 1339 1866 obtundit
1358 1838 1486 1880 atque
1507 1841 1590 1865 ex-

117 1883 284 1924 surdat:
327 1885 372 1921 in
406 1885 508 1936 Lys.
546 1898 589 1936 p.
623 1888 718 1926 497
741 1884 792 1924 E.
830 1881 945 1936 ἡμων
976 1900 1075 1938 yovv
1108 1884 1193 1925 ε’κκ
1181 1901 1374 1930 κωφωκε
1406 1901 1454 1924 τα
1489 1899 1584 1931 aava,

114 1942 181 1983 καὶ
211 1940 431 1993 ἐμπέπληκε
459 1938 662 2011 Λυσιδρς
694 1953 799 2008 quae
834 1953 926 1977 eum
958 1939 1195 1977 imitaretur
1216 1941 1418 1979 Aris-taen.
1441 1939 1474 1980 Ι,
1505 1939 1585 1991 Ep.

116 2003 181 2042 24.
207 2011 245 2050 Ρ.
272 2002 365 2040 110.
388 1997 561 2050 scripsit
584 1994 871 2049 ἕκκεκωφηκας
886 1992 999 2048 ημῶν
1023 1993 1071 2036 τὰ
1091 1995 1181 2036 ὦτα.
1242 1996 1369 2034 Nihil
1391 1996 1584 2044 interest,

116 2064 252 2092 utram
271 2054 448 2092 formam
470 2067 667 2105 usurpes,
702 2053 928 2108 ἐκκωφᾶω
919 2066 968 2090 an
994 2054 1234 2101 ἐκκωφοῦν·
1267 2052 1385 2104 prior
1410 2051 1454 2088 in
1475 2051 1586 2090 Ari-

114 2110 293 2164 stephan.
322 2110 429 2165 Equ.
454 2124 495 2149 v.
514 2114 610 2153 312.
644 2108 716 2147 ubi
750 2123 919 2161 prorsus
951 2107 1151 2161 displicet
1171 2108 1319 2147 Swdae
1339 2107 1468 2147 lectio
1487 2103 1585 2148 ‹ivoc-

115 2165 322 2219 κεκώφηκε
326 2184 368 2215 ν,
403 2165 586 2220 quippe,
621 2166 704 2203 nisi
726 2165 875 2215 fallor,
907 2165 1080 2218 linguae
1106 2164 1289 2204 Graecae
1321 2163 1452 2231 genio
1477 2177 1588 2202 con-

116 2224 266 2262 traria:
297 2223 572 2291 posteriorem
596 2223 823 2261 dtlzenaeus
845 2221 969 2260 habet
975 2195 1040 2262 V.
1064 2235 1105 2273 p.
1134 2226 1226 2265 183.
1252 2221 1300 2261 C.
1332 2218 1434 2271 ποός
1456 2218 1499 2261 τὸ
1519 2236 1586 2261 πε-

115 2276 303 2333 ριβόητον
323 2282 414 2332 (της
435 2275 556 2320 Ελὲι
563 2282 623 2330 ης)
647 2281 735 2320 {uns
723 2279 980 2329 -κωφωμένοι
1004 2275 1167 2326 καλλος·
1200 2280 1359 2316 attoniti
1379 2287 1412 2314 et
1432 2288 1588 2329 stupore

115 2338 240 2389 capii,
281 2335 372 2374 (lum
413 2335 752 2374 celebr-nissimam
783 2334 893 2374 zllctm
926 2334 1101 2373 Helenae
1121 2334 1309 2390 somnam
1344 2332 1584 2386 spectabant.

114 2391 489 2460 Ingeniosissime
489 2391 707 2431 Salmasius
734 2391 1010 2444 apudAclzill.
1037 2392 1127 2430 Tar.
1155 2391 1235 2430 III.
1260 2405 1301 2443 p.
1326 2394 1418 2433 195.
1453 2388 1587 2426 resti-

115 2448 221 2497 tuit,
253 2452 443 2497 τοςοῦτον
462 2445 489 2500 ἦ
508 2446 611 2499 λύπη
632 2465 677 2500 με
707 2454 776 2501 τῆς
799 2464 955 2500 συμφυ
943 2453 1014 2495 σοῖς
1036 2445 1292 2497 ἑξεκωφωσε
1329 2448 1416 2494 vel,
1450 2441 1585 2494 ἐξεκώ-

115 2519 242 2557 φησε,
286 2503 401 2557 quod
441 2506 570 2556 vulgo
606 2504 763 2558 legitm
796 2506 852 2554 ἒξε
844 2503 1039 2573 κοιῖἳφισε.
1103 2502 1220 2542 Clcm.
1248 2501 1378 2541 Aler.
1414 2500 1496 2541 Str.
1529 2500 1580 2539 V.

115 2575 156 2612 p.
181 2565 277 2605 551.
294 2561 343 2601 C.
365 2557 600 2612 ἐκκωφούαε
593 2578 670 2601 ν-οι
689 2560 790 2609 πρὸς
807 2579 878 2614 την
898 2559 1103 2614 αληθειαν.
1135 2558 1256 2597 Adde
1278 2558 1466 2612 Stephani
1485 2555 1578 2598 Ind

115 2615 244 2657 Thes.
265 2617 310 2656 in
333 2616 526 2670 Ἐήκωφέ
522 2634 574 2659 ω.
618 2617 796 2659 Hnmsr.
821 2618 875 2658 11.

227 2701 329 2742 ΕαιΙ,
360 2705 386 2743 l.
419 2707 458 2747 6.
506 2698 612 2743 Ου’δέ
598 2718 708 2744 ποτε
731 2697 823 2757 ἦγες
841 2713 919 2742 etc.
933 2705 954 2752 )
989 2700 1050 2739 Ad
1083 2715 1129 2740 ea
1158 2699 1249 2738 sine
1272 2697 1404 2737 dubio
1434 2710 1581 2748 respe·

116 2758 204 2807 xit,
239 2772 346 2811 quae
372 2759 615 2797 fabulantur
640 2757 689 2797 de
712 2758 943 2811 Lycaone,
979 2758 1162 2810 filiisque
1195 2760 1284 2810 ejus
1320 2751 1580 2807 improbissi-⁴

116 2815 217 2865 mis,
251 2828 358 2868 quos
381 2815 558 2858 fulmine
581 2815 750 2868 Jupiter
774 2815 1005 2870 percussit,
1036 2818 1105 2858 καὶ
1126 2811 1198 2867 τὴν
1220 2811 1442 2867 Ἀοκαὸίαν
1464 2821 1578 2851 συνε-
