1778 3194
183 218 236 251 V!
637 221 1202 255 PRAEFATIO.

188 329 330 377 runt,
367 316 449 381 qui
472 333 691 365 accurate
721 319 859 368 illum
887 335 1088 382 norunt3
1126 319 1209 368 sed
1246 318 1486 368 debebant
1511 320 1651 366 etiam

186 404 310 435 nova
343 385 570 434 accedere
594 407 674 449 ea,
712 408 832 453 quae
852 408 939 453 per
963 390 1198 455 proximos
1219 389 1460 454 octoginta
1485 405 1651 448 annm,

189 472 247 502 ex
277 472 374 519 quo
395 456 568 504 Batava
599 457 681 504 illa
702 458 908 521 prodiit,
944 473 1045 506 tum
1068 458 1126 505 ad
1157 458 1513 522 refingendum‚
1549 470 1654 503 tum

188 522 250 570 ad
271 524 629 588 explicandum,
666 540 846 573 textum
874 529 931 574 ab
952 526 1149 574 eruditis
1177 527 1285 574 viris
1314 524 1439 574 varia
1472 524 1654 572 ratione

190 606 238 638 et
259 592 331 638 via
355 593 528 640 collata
548 609 671 642 sunt.
710 594 788 641 Sic
807 596 950 661 igitur
970 594 1065 643 hoc
1086 613 1198 660 prae
1221 593 1388 641 ceteris
1411 591 1658 658 agendum

192 674 290 706 erat
304 697 317 720 ,
357 675 409 708 ut
433 676 617 710 textum
638 663 855 711 daremus
879 682 1021 728 quam
1043 663 1456 729 castigatissimum.
1498 660 1659 717 Quam

191 747 355 774 curam
385 731 582 794 praeivit
615 732 809 796 quidem
841 733 977 780 nohis
1009 732 1163 797 aliqua
1205 749 1260 777 ex
1291 743 1425 795 parte
1458 732 1658 778 Frider.

191 795 569 860 SCHMIEDERU53
607 800 667 847 ita
691 815 865 862 tamen,
889 815 970 861 ut,
1007 801 1044 847 si
1067 801 1370 865 acquiescere
1388 798 1439 845 in
1461 801 1659 861 ejus're-

191 866 419 913 censione
458 868 796 930 voluissemus,
858 870 910 916 iu
944 869 1284 934 multiplicem,
1332 885 1448 927 nec,
1494 867 1658 927 credo,

189 933 409 994 injustam
429 935 849 1001 reprehensionem
862 938 1229 985 incurreremus.
1268 934 1513 983 Pendehat
1533 933 1662 981 enim

191 1000 271 1047 ille
296 1002 397 1048 sere
421 1004 619 1051 nimium
644 1025 670 1052 a
689 1007 868 1054 Bam
888 1010 950 1053 cle
970 1009 1150 1067 Balla,
1185 1004 1275 1052 viri
1301 1002 1433 1050 haud
1465 1001 1664 1068 quidem

189 1069 423 1118 ineruditi
443 1086 489 1119 et
510 1073 793 1140 inelegantis
811 1112 824 1135 ‚
860 1074 946 1121 sed
963 1074 1156 1120 minime
1175 1087 1331 1121 tamen
1353 1072 1405 1118 in
1440 1070 1663 1119 omnibus

193 1138 301 1186 satis
332 1139 417 1185 fidi
441 1142 726 1189 enarratoris
740 1148 784 1203 *)
823 1161 875 1190 ac
895 1143 1035 1207 periti
1055 1140 1390 1201 Grammatici‚
1427 1138 1662 1187 relatione

195 1224 249 1252 ac
272 1206 478 1270 judici03
515 1222 657 1273 atque
678 1209 796 1258 hinc
824 1230 923 1258 non
947 1228 1057 1257 raro
1077 1209 1275 1269 accidit,
1307 1222 1389 1269 ut,
1425 1225 1540 1273 quas
1566 1207 1664 1254 lec-

194 1274 347 1322 tiones
367 1295 391 1322 a
410 1278 605 1324 BELmo
625 1278 837 1326 laudatas
861 1292 908 1326 et
937 1278 1288 1327 commendatas
1310 1277 1666 1324 SCHMIEDERUS
1731 1314 1735 1316 -

196 1343 401 1408 recepit,
451 1364 581 1392 nunc
613 1363 694 1393 eae
724 1349 787 1395 ob
818 1366 982 1415 graves
1013 1365 1197 1394 caussas
1230 1344 1544 1410 rejiciendae,
1591 1361 1671 1392 ea·

196 1430 400 1476 rumque
425 1413 537 1462 loco
560 1429 741 1462 veteres
762 1416 1087 1463 restituendae
1107 1414 1403 1464 viderentur.
1475 1411 1668 1460 Nihilo-

199 1480 356 1527 minus
388 1501 562 1547 magno
593 1483 704 1529 usui
724 1485 862 1531 nobis
885 1499 983 1532 erat
1005 1499 1109 1531 tum
1132 1482 1192 1530 ad
1212 1479 1565 1530 confirmandas
1580 1482 1667 1529 bo-

196 1567 280 1595 nas
300 1549 406 1596 VV.
430 1551 539 1597 DD.
564 1555 888 1613 conjecturas,
929 1567 1032 1600 tuni
1052 1551 1113 1599 ad
1136 1569 1259 1599 nova
1281 1564 1434 1597 textus
1454 1549 1563 1598 vitia
1584 1548 1668 1596 de-

198 1618 399 1683 tegenda
424 1638 476 1666 ac
502 1620 709 1667 remedia
729 1621 1039 1681 invenienda,
1077 1623 1348 1668 Beliniana
1371 1619 1450 1666 illa
1468 1634 1552 1666 sex
1562 1618 1668 1665 Ma-

196 1687 555 1750 nuscriptoruin
586 1689 751 1735 Pariss.
790 1690 1007 1749 collatio,
1052 1705 1176 1753 quae
1211 1688 1450 1752 reperitur
1480 1688 1528 1733 in
1562 1704 1669 1735 ver-

197 1754 341 1802 sionis
351 1756 388 1803 F
392 1758 732 1824 raucogallicae
754 1758 910 1807 Tomo
922 1758 1004 1806 Vl.
1020 1772 1066 1807 et
1086 1774 1251 1805 recusa
1272 1757 1321 1804 iu
1345 1755 1457 1806 edit.
1474 1755 1668 1821 Bipont.

241 2070 277 2117 “”)
300 2071 456 2106 Dudum
476 2072 520 2105 de
531 2071 605 2105 fide
625 2071 756 2105 Belino'
772 2071 944 2105 habenda
967 2070 1179 2106 dubitatum
1208 2077 1265 2105 est
1292 2070 1337 2105 ab
1356 2071 1423 2112 iis,
1448 2081 1543 2116 quos
1560 2070 1671 2104 innu-

288 2129 391 2151 mera
422 2118 513 2151 vitia
540 2118 598 2151 vel
618 2130 638 2151 a
666 2118 863 2151 scribentis
882 2117 1020 2161 ipsius,
1050 2119 1108 2151 vel
1125 2119 1170 2151 ab
1201 2129 1399 2163 operarum
1431 2129 1544 2152 manu
1568 2128 1671 2150 com-

286 2164 407 2197 missa>
433 2165 684 2198 offenderunt.
733 2164 805 2197 Sed
826 2164 1029 2198 clarissime
1050 2164 1122 2197 hoc
1144 2164 1417 2197 demonstravit
1438 2164 1541 2198 Gust.
1567 2164 1668 2197 Ferd.

285 2211 345 2242 Lo
359 2223 374 2241 s
389 2223 402 2241 s
417 2212 488 2242 ius·
501 2235 510 2252 ‚
537 2210 736 2244 seminarii
753 2210 975 2254 Philologici
995 2210 1196 2253 Lipsiensis
1220 2210 1411 2255 quondam
1430 2209 1578 2252 sodalis,
1606 2209 1671 2254 qui

288 2266 402 2300 quum
422 2267 519 2290 anno
541 2254 801 2291 MDCCCXII.
826 2257 1016 2290 Lutetiam
1035 2256 1264 2290 Parisiorum
1296 2268 1333 2290 se
1362 2256 1601 2298 contulisset,
1628 2262 1671 2288 ut

285 2301 462 2345 inspeciis
493 2303 582 2346 ipsis
618 2302 736 2336 codd.
767 2302 900 2336 Paris-s.
925 2303 1173 2346 Dialogorum
1202 2303 1444 2337 Mox-tuorum
1467 2302 1671 2335 editionem

288 2357 425 2381 novam
447 2355 616 2395 pararet,
646 2349 684 2383 in
714 2349 815 2383 hand
844 2349 973 2394 paucis
999 2349 1093 2382 Iocis
1110 2348 1325 2380 Uelinum
1353 2348 1594 2392 deprehendit
1611 2347 1669 2380 vel

289 2394 458 2427 omisisse
476 2395 619 2441 aliquot
643 2395 813 2430 lectionis
827 2395 1035 2436 varietates,
1060 2395 1118 2428 vel
1139 2394 1235 2428 falso
1255 2400 1414 2428 notasse.
1455 2393 1568 2436 Cujus
1589 2394 1671 2438 qui-

289 2438 374 2473 dem
404 2441 460 2473 ’rei
488 2442 677 2485 specimen
696 2441 882 2486 :reperitur
907 2442 944 2474 in
966 2441 1066 2475 Actis
1087 2441 1284 2474 Seminarii
1301 2440 1394 2484 regii
1421 2446 1456 2473 et
1474 2439 1670 2473 Societatis

289 2484 540 2531 philologicae
560 2490 661 2535 Lips.
685 2489 767 2521 Vol.
789 2488 837 2521 II.
857 2499 892 2531 p.
917 2496 994 2531 945.
1020 2498 1075 2532 sq,
1122 2487 1235 2520 Plura
1255 2487 1367 2519 etiam
1397 2486 1521 2519 inveni
1540 2486 1579 2518 in
1600 2487 1668 2519 Ju-

290 2532 391 2564 venis
421 2542 658 2577 praematura
683 2540 805 2568 morte
822 2533 939 2567 literis
970 2533 1087 2578 erepti
1113 2532 1299 2566 schedulis
1325 2532 1484 2576 relictis,
1512 2542 1671 2576 quarum

287 2587 397 2612 usum
420 2580 540 2613 affinis
561 2583 641 2623 ejus
661 2579 928 2624 Rocmisclzius,
953 2579 1242 2613 Jurisconsultus
1260 2578 1482 2622 Lipsiensis,
1508 2589 1594 2611 cum
1613 2576 1670 2610 in-

287 2635 408 2668 genua
431 2626 659 2661 liberalitate
682 2624 888 2669 concessit,
915 2638 1008 2672 quae
1026 2632 1152 2659 tamen
1181 2624 1317 2659 adhos
1336 2629 1482 2659 tantum
1509 2630 1671 2671 quatuor

292 2671 474 2717 Dialogus
491 2674 759 2709 Mortuerum:
788 2673 837 2709 Π,
863 2674 929 2708 ΙΧ.
949 2673 995 2708 Χ.
1022 2677 1059 2706 et
1078 2671 1200 2708 XXII.
1229 2670 1430 2717 pertinent.
