1778 3194
151 281 202 300 β.

146 282 245 328 008
509 287 1263 321 ADNOTA‘rroNEs

149 402 285 432 vacua
299 388 470 427 inanem
488 387 782 428 tantummodo
809 388 1033 442 strepitum
1056 387 1241 429 ederent.
1280 386 1519 428 LucriFecit
1543 400 1617 431 ω.

150 462 244 488 rum
266 460 318 484 ex
338 442 552 484 veteribus
575 445 824 496 opinionem
842 445 1057 496 Lucianus,
1081 445 1155 499 qui
1176 445 1485 485 cavillabantur
1503 446 1620 499 apud

151 504 372 545 Homerum
390 500 585 554 pluribus
602 501 647 540 in
669 502 777 541 locis
796 502 988 555 epitheta
1004 505 1120 541 velut
1141 503 1297 554 injecta
1317 513 1470 542 temere
1491 517 1620 542 manu

153 567 347 612 correpta
369 557 432 596 sic
454 557 670 609 inferciri‚
704 569 750 597 ut
778 561 940 597 nullum
960 557 1059 598 inde
1083 560 1317 599 sententiae
1339 562 1479 598 lumen
1506 573 1624 599 acce·

154 615 272 655 deret
291 628 476 662 novum3
512 614 612 669 quin
637 617 807 669 saepius
831 615 957 654 etiam
988 615 1179 669 epitheto
1206 625 1471 669 praepostere
1493 619 1625 655 collo·

153 681 252 711 cato
284 670 575 724 proximorum
608 671 823 711 obscurari
854 673 1036 711 nitorem
1064 683 1106 713 et
1126 673 1365 725 corrumpi:
1397 671 1512 727 qnod
1546 671 1628 711 cti-

153 742 251 767 men
280 727 492 780 objectum
524 736 572 765 ut
601 728 812 768 diluerent
844 735 1064 781 poetarum
1097 729 1304 783 principis
1335 727 1628 780 admiratores,

156 798 205 823 ea
227 798 534 836 nonnunquam
567 785 740 824 fuerunt
766 786 1149 833 comminiscenda,
1182 801 1290 840 quae
1312 786 1497 824 tacuisse
1522 785 1630 824 fuis-

155 849 220 879 set
242 839 405 881 melius.
466 841 584 880 Haec
613 856 712 882 sane
742 857 941 896 perquam
971 853 1072 882 sunt
1103 854 1306 892 venusta,
1340 851 1382 881 et
1413 842 1635 896 ingenium

155 896 331 937 Luciani
349 896 490 935 inhoc
510 897 844 939 elaboratissimo
865 900 1025 951 scripto
1041 904 1211 938 elucens
1234 912 1499 951 summopere
1521 912 1637 938 coma

157 953 386 993 mendant:
419 967 525 1006 quae
543 955 709 1009 singula
733 955 920 994 tironum
947 956 990 993 in
1014 957 1190 1010 gratiam
1216 954 1480 1007 explananda
1506 955 1540 992 si
1564 969 1635 993 su·

158 1023 312 1048 merem
328 1040 338 1057 ‚
359 1007 508 1062 grandi
536 1012 934 1051 commentariorum
958 1015 1068 1051 mole
1090 1012 1197 1050 foret
1222 1026 1342 1060 opus.
1368 1012 1548 1049 Hnn1sT.
1572 1011 1636 1050 ΙΙ.

157 1065 228 1105 Ne
250 1064 353 1118 quid
376 1065 660 1105 dubitationis
678 1068 790 1107 forte
814 1067 865 1107 de
893 1069 977 1107 isto
1003 1068 1196 1107 vocabuli
1224 1070 1296 1117 ἔξω
1320 1082 1398 1105 usu
1421 1067 1638 1120 relinqua-

160 1130 257 1171 tur,
301 1122 355 1162 cf.
390 1121 513 1163 Char.
549 1137 583 1161 c.
623 1129 685 1167 18.
717 1125 788 1173 ἔξω
821 1130 893 1167 τοῦ
920 1122 1113 1178 ἀβεβαίου
1142 1148 1200 1155 -—
1228 1129 1297 1174 τῆς
1318 1121 1456 1176 τύχης,
1483 1134 1639 1179 praeter

159 1179 467 1217 inconstantiam
491 1178 700 1236 fortunae.
734 1181 916 1234 Xenoph.
951 1182 1071 1219 Hier.
1111 1181 1143 1231 l,
1181 1186 1220 1224 7.
1263 1183 1334 1229 ἔξω
1366 1179 1538 1228 τούτων,
1584 1179 1641 1220 ὦν

162 1235 328 1286 εἴρηκας
359 1232 476 1288 σύγε,
521 1232 611 1277 οὐδ’
644 1259 700 1268 -
727 1235 850 1291 ἔχοιμ’
883 1236 933 1278 ἂν
965 1241 1111 1287 εἰπεῖν,
1141 1249 1295 1291 praeter
1325 1237 1439 1284 haec,
1473 1251 1573 1290 quae
1597 1246 1642 1274 m

162 1290 319 1344 quidem
355 1290 519 1342 dimisti,
561 1309 679 1347 neque
706 1318 764 1326 —
788 1297 937 1349 possim
970 1294 1107 1334 dicere.
1180 1294 1299 1346 Quin
1333 1301 1458 1331 etnam
1491 1290 1642 1330 Latini

164 1346 321 1398 passim
352 1347 410 1386 sic
446 1357 627 1388 utuntur
667 1351 991 1404 praepositione
1030 1362 1148 1390 extra
1176 1364 1252 1402 pro
1293 1359 1457 1403 praeter.
1490 1349 1641 1389 Terent.

164 1401 337 1444 Phorm.
369 1403 403 1453 Ῐ,
438 1409 487 1455 2,
519 1411 585 1450 48.
648 1407 782 1461 Neque
812 1419 948 1457 notus,
982 1424 1100 1462 neque
1131 1417 1345 1460 cognatus,
1377 1416 1495 1445 extra
1524 1419 1643 1445 unam

163 1460 391 1509 aniculam,
425 1465 630 1517 quisquam
657 1464 806 1504 aderat.
850 1465 1006 1505 LEHM.

280 1539 384 1580 Ead.
415 1542 444 1580 l.
478 1546 518 1585 6.
544 1538 738 1596 ”Οπλον)
769 1544 945 1585 Fulmen.
986 1544 1136 1586 BROD.

283 1619 384 1659 Ead.
415 1622 442 1660 l.
476 1625 513 1663 7.
556 1625 779 1676 Σπινθῆρα
801 1620 949 1678 ὀργῆς)
983 1624 1159 1676 Proprie
1183 1624 1344 1678 Dionys.
1367 1620 1504 1661 Halic.
1524 1620 1573 1661 A.
1588 1620 1644 1663 R·

169 1675 231 1717 ῙῙ.
253 1690 295 1729 p-
326 1682 416 1720 103.
437 1691 476 1718 v.
499 1682 567 1720 41.
601 1680 642 1720 ἐκ
665 1683 734 1731 τῆς
765 1683 1067 1732 κατεψυγμένης
1096 1679 1176 1733 πρὸ
1199 1683 1369 1729 πολλοῦ,
1403 1680 1470 1719 καὶ
1497 1673 1647 1719 οὐδένα

172 1733 452 1786 φυλαττούσης
473 1739 679 1786 σπινθῆρα
698 1737 860 1788 τέφρας.
911 1737 1064 1775 Facete
1084 1737 1293 1789 Aris-toph.
1322 1734 1372 1774 de
1392 1735 1504 1773 bello
1528 1735 1648 1774 Pelo-

171 1790 436 1843 ponnesiaco
451 1821 462 1838 ‚
497 1804 519 1828 a
539 1791 697 1831 Pericle
717 1793 859 1844 parvis
881 1792 932 1830 ab
953 1792 1093 1830 initiis
1118 1793 1323 1830 suscitato
1341 1808 1351 1831 z
1382 1792 1557 1842 ἐξέφλεξε
1575 1790 1649 1843 τὴν

170 1844 288 1888 πόλιν
306 1841 514 1900 Ἐμβαλών
536 1852 745 1900 σπινθῆρα
761 1847 905 1902 μικρὸν
932 1852 1171 1902 Μεγαρικοῦ
1186 1850 1461 1900 ψηφίσματος.
1511 1846 1647 1899 Quas-

174 1902 268 1941 dam
291 1903 407 1942 vitae
425 1904 628 1956 reliquias
650 1904 826 1958 exiguas
848 1909 1056 1959 σπινθῆρα
1076 1910 1146 1958 τῆς
1162 1910 1299 1958 ψυχῆς
1317 1913 1441 1943 vocat
1459 1903 1647 1945 Philostr.

175 1959 224 1998 de
246 1960 294 2000 V.
313 1960 365 2000 A.
391 1962 442 1999 T.
462 1960 539 1999 IV.
559 1974 650 2013 cap.
668 1966 737 2004 45.
766 1961 938 2002 Cornuto
968 1961 1017 2001 de
1042 1962 1097 2001 N.
1121 1963 1179 2002 D.
1204 1976 1239 2000 c.
1255 1967 1321 2004 20.
1346 1976 1387 2014 p.
1405 1965 1497 2004 189.
1523 1974 1647 2013 opem

171 2017 380 2055 seramus:
412 2016 615 2068 primum,
658 2017 828 2071 inquit,
869 2032 1003 2073 genus
1033 2017 1263 2056 humanum
1297 2033 1320 2058 e
1351 2029 1459 2057 terra
1497 2027 1646 2055 natum

171 2072 396 2127 probabile
420 2085 480 2112 est
504 2073 637 2111 fuisse
659 2074 914 2124 violentum,
941 2085 983 2113 et
1003 2075 1162 2113 mutuis
1192 2074 1234 2111 in
1259 2089 1302 2113 se
1323 2074 1508 2112 invicem
1531 2071 1646 2110 odiis

174 2129 398 2180 saeviisse,
431 2127 498 2172 ὂιᾶ
515 2128 558 2171 τὸ
580 2131 744 2183 μηδέπω
773 2129 974 2174 δύνασθαι
992 2133 1295 2184 διακρίνεσθαι,
1326 2130 1424 2183 μηδὲ
1450 2131 1649 2180 §insama

173 2186 245 2230 τὸν
278 2185 418 2229 ἐνόντα
449 2183 586 2235 αὐτοῖς
615 2193 821 2242 σπινθῆρα
857 2192 929 2241 τῆς
959 2190 1197 2236 κοινωνίας·
1241 2186 1443 2225 debuerat
1475 2183 1648 2239 quidem

173 2243 420 2297 ἒρξῗῑζῶσθᾱι
454 2247 521 2283 Vel
549 2245 782 2293 ῥιζοῦσθαι·
824 2244 894 2284 sed
927 2254 1196 2297 concoquat,
1239 2244 1315 2296 qui
1340 2240 1558 2280 stomacho
1592 2242 1651 2279 sit

176 2309 260 2338 tam
280 2301 417 2340 ferreo
432 2331 442 2350 ‚
467 2299 730 2340 durissimam
749 2295 1041 2356 οἷκυρολογίαν,
1065 2305 1272 2353 σπινθῆρα
1291 2301 1525 2350 ῥιζοῦσθαι,
1549 2297 1649 2337 dum

173 2358 311 2410 legam
335 2356 428 2411 μηδ’
453 2358 708 2410 ἒῤῥιπίσθαι·
748 2367 851 2396 nota
874 2368 974 2396 sunt
994 2359 1183 2409 ῥιπίζειν,
1216 2355 1514 2406 ἆναῤῥιπίζειν,
1545 2356 1650 2409 ἔκρι-

174 2416 302 2462 πίζειν
317 2426 326 2437 ·
361 2418 539 2455 alterum
560 2413 669 2453 illud
687 2414 862 2455 verbum
894 2414 929 2452 si
947 2414 1209 2468 scripsisset,
1244 2411 1479 2451 addidisset
1498 2410 1650 2464 utiquc

176 2469 221 2511 τὸ
241 2469 336 2512 ἐνὸν
354 2467 493 2521 αὐτοῖς
514 2473 669 2525 σπέρμα
689 2476 760 2524 τῆς
779 2474 1002 2520 κοινωνίας.
1048 2471 1232 2511 HEMST.
1253 2470 1312 2509 II·

290 2539 393 2581 Ead.
425 2544 452 2583 l.
483 2545 523 2585 8.
559 2543 712 2582 Θᾶττον
726 2545 828 2595 γοῦν
845 2541 957 2592 etc.)
986 2539 1155 2578 Profert
1178 2537 1284 2578 Λᾶν.
1315 2535 1514 2576 Turnebus
1541 2532 1647 2576 Λᾶν.

176 2593 311 2636 XXV.
336 2611 356 2634 c
392 2602 430 2642 9.
452 2598 599 2652 itaque
622 2597 772 2638 vertit:
804 2596 941 2651 Itaque
961 2613 1111 2643 eorum,
1144 2597 1212 2650 qui
1226 2597 1394 2648 pejerare
1415 2590 1648 2644 adgrediun-

175 2659 261 2700 rur,
303 2656 418 2694 citius
444 2656 640 2708 quispiam
665 2657 903 2694 exstinctum
950 2652 1168 2707 ellychnion
1183 2650 1489 2709 formidaverit,
1531 2660 1652 2701 qnam

173 2705 358 2761 fulminis
376 2714 487 2749 istius
507 2713 680 2750 omnium
699 2710 1141 2763 domitor-isflammam.
1203 2709 1347 2746 Docet
1374 2705 1434 2742 ibi
1450 2735 1460 2754 ,
1496 2719 1516 2741 a
1546 2703 1651 2741 Vir-

177 2761 276 2815 gilio
302 2768 453 2806 sancire
482 2766 647 2819 foedera
659 2766 840 2822 fulmine
871 2765 956 2804 dici
981 2767 1155 2816 Jovmn,
1187 2766 1254 2819 qui
1271 2761 1448 2820 fulmine
1472 2759 1662 2799 vindicat-

181 2816 243 2870 '5‘32
278 2819 386 2876 Ψιθᾶ
411 2833 548 2864 contra
564 2823 787 2880 formulam
814 2834 851 2866 et
867 2822 1092 2880 religionem
1110 2817 1374 2877 jurisjurandi
1404 2819 1650 2860 commissum
