1778 3194
1018 307 1027 325 1

246 444 1330 503 AOTRIANOT
1534 427 1590 505 Rs.

445 571 1119 614 ΣΑΜΟΣΑΤΕΩΣ

361 675 1204 724 ΛΙΑΛΟΙὈΙ.

140 936 271 970 ΠΕΡΙ
295 934 404 968 ΤΟΥ
425 933 737 977 ENYTINIOY,
765 932 917 975 HTOI,
954 933 1086 969 ΒΙΟΣ
1105 933 1433 970 ΛΟΥΚΙΑΝΟΥ.

180 1016 329 1060 Argum.
379 1014 526 1048 Merito
553 1025 682 1047 omnes
713 1013 879 1047 editores
899 1013 1177 1047 Lucianeorum
1203 1013 1304 1047 hunc
1322 1025 1480 1048 aureum

90 1072 283 1115 libellum,
310 1071 373 1117 qui
388 1072 574 1117 imprimis
594 1071 810 1117 pauperiori
831 1071 1041 1114 juventuti,
1062 1071 1260 1105 literarum
1277 1071 1479 1114 studiosae,

89 1141 167 1163 non
184 1129 272 1163 satis
299 1130 557 1163 commendari
579 1136 724 1175 potest,
751 1130 791 1162 in
813 1129 942 1162 fronte
970 1140 1129 1174 operum
1154 1128 1263 1170 hujus
1285 1129 1481 1173 scriptoris

90 1193 311 1234 posuerunt.
362 1188 500 1221 Cetera
519 1187 600 1220 sine
629 1187 728 1220 lecto
755 1187 889 1221 ordine
909 1192 1129 1230 sequuntur.
1178 1187 1243 1218 Est
1262 1193 1389 1220 autem
1408 1186 1482 1219 hoc

92 1246 269 1278 Somnium
289 1245 494 1289 praelectio
522 1245 688 1278 auctoris
716 1256 737 1278 e
758 1255 900 1288 genere
922 1243 996 1278 τῶν
1015 1242 1264 1287 προςλαλιῶν,
1291 1255 1403 1289 quam
1422 1254 1484 1277 re·

93 1301 222 1335 citavit
244 1302 360 1335 redux
383 1312 426 1334 ex
447 1302 642 1335 itineribus
668 1302 708 1334 1'11
732 1300 914 1346 patriam,
940 1312 1013 1345 quo
1038 1311 1123 1332 cum
1144 1300 1285 1333 civibus
1303 1301 1378 1334 suis
1399 1313 1484 1345 spe-

94 1359 216 1392 cimen
239 1358 481 1403 eloquentiae
497 1370 603 1401 suae,
631 1359 767 1392 exteris
795 1359 870 1400 jam
888 1358 1038 1402 agnitae
1058 1364 1095 1391 ct
1117 1358 1353 1401 celebratae,
1381 1358 1483 1392 exhi-

92 1418 221 1459 beret,
250 1423 332 1449 tum
349 1417 512 1449 maxime
530 1417 681 1461 generis
704 1417 761 1449 sui
781 1416 1035 1449 humilitatem
1054 1416 1099 1448 ab
1120 1427 1165 1448 ea
1183 1423 1289 1459 parte
1307 1417 1486 1450 ostende-

92 1480 174 1517 ret,
202 1474 299 1508 unde
328 1474 400 1518 ipsi
430 1474 547 1518 magis
578 1474 702 1516 laudi,
740 1485 852 1518 quam
881 1473 1054 1516 crimini,
1081 1473 1255 1506 habenda
1280 1473 1484 1507 videretur.

91 1533 228 1565 Narrat
246 1531 359 1571 enim,
385 1537 426 1563 ut
448 1542 469 1563 a
490 1536 596 1575 patre
617 1536 773 1575 propter
793 1530 848 1563 rei
867 1531 1061 1564 familiaris
1082 1528 1294 1575 angustiam
1314 1530 1387 1563 arti
1405 1541 1487 1562 sor-

94 1588 203 1623 didae
216 1588 436 1629 destinatus,
448 1600 533 1621 mox
552 1588 662 1630 hujus
676 1587 927 1621 amaritudine
948 1594 1106 1633 gustata,
1124 1599 1193 1632 per
1212 1588 1404 1625 somnium
1419 1587 1488 1620 ali·

95 1646 207 1692 quod,
219 1638 295 1690 quo<
311 1646 408 1679 duae
425 1645 602 1689 feminae,
617 1657 675 1679 ars
697 1645 842 1678 scilicet
860 1646 1037 1679 statuaria
1058 1652 1096 1678 et
1115 1645 1290 1678 doctrina
1311 1645 1356 1678 de
1370 1645 1486 1689 ipsius

94 1703 330 1749 possessione
354 1710 583 1746 certassent,
611 1701 792 1736 adductus
821 1702 958 1746 fuerit,
984 1710 1026 1736 ut
1045 1704 1242 1736 literarum
1260 1702 1384 1735 studio
1404 1713 1488 1736 sese

96 1761 271 1802 dederet3
299 1763 403 1802 cujus
418 1759 570 1805 quidem
584 1760 745 1803 consilii,
758 1760 871 1801 addit,
886 1771 926 1793 se
937 1759 1058 1793 adhuc
1077 1760 1172 1792 adeo
1184 1771 1259 1792 non
1271 1759 1485 1803 poenitere,

93 1825 136 1852 ut
154 1819 278 1863 potius
300 1817 560 1861 pauperrimus
581 1817 739 1862 quisque
766 1829 788 1851 e
816 1817 1036 1859 juvenibus,
1064 1817 1095 1849 si
1117 1816 1271 1860 quidem
1289 1816 1486 1850 erectioris

95 1876 142 1909 sit
168 1875 332 1919 ingenii,
359 1875 406 1908 ad
434 1875 527 1909 haec
544 1874 669 1909 studia
689 1874 952 1920 amplectenda
976 1875 1106 1908 sedulo
1129 1874 1200 1908 sihi
1226 1873 1397 1908 videatur
1418 1872 1486 1908 ad·

92 1931 310 1965 hortandus.

91 2002 248 2077 ”Agin
273 2023 345 2077 μὲν
373 2020 607 2077 ἐπεπαύμην
638 2024 694 2072 εἷς
724 2021 773 2064 τὰ
802 2025 1055 2066 διδασκαλεῖα
1087 2027 1261 2077 φοιτῶν,
1300 2019 1379 2076 ’ἤδη
1409 2020 1485 2076 τὴν
1514 2035 1535 2073 1

95 2090 253 2145 ἡλικίαν
282 2090 485 2147 πρόςηβος
507 2090 549 2147 ε’·)
582 2089 659 2133 ὤν·
702 2087 724 2132 ὅ
748 2092 789 2132 δὲ
818 2091 948 2147 πατὴρ
972 2095 1175 2135 ἐσκοπεῖτο
1200 2089 1294 2145 μετὰ
1314 2097 1394 2133 τῶν
1415 2093 1532 2145 ‹pi-p.
1560 2108 1592 2132 2.

468 2186 696 2219 VARIAE
733 2187 1098 2221 LECTIONES.

145 2244 189 2286 a)
215 2239 367 2288 πρόςη
380 2244 432 2289 βο
446 2249 482 2283 ς]
510 2242 718 2290 πρωθήβης
743 2246 840 2287 conj.
858 2245 973 2279 Belin.
1022 2246 1105 2279 VM.
1126 2244 1261 2278 Adnot.

138 2366 590 2421 LUCIANI
643 2369 1440 2425 SAMOSATENSIS

565 2477 605 2520 D
636 2479 660 2520 I
688 2480 734 2520 A
761 2479 800 2521 L
832 2479 873 2521 O
906 2479 943 2521 G
972 2480 1010 2522 I.

305 2683 382 2717 DE
407 2683 643 2727 SOMNO,
682 2685 814 2728 SEU,
842 2685 980 2718 VITA
1007 2684 1275 2720 LUCIANI.

103 2738 274 2825 Nuper
291 2773 515 2814 admodum
541 2790 633 2813 cum
655 2774 760 2814 desi·
820 2778 901 2829 jam
916 2775 1129 2829 pubertati
1145 2778 1378 2828 proximu5‚
1394 2789 1482 2816 tuni

103 2829 223 2867 issem
254 2828 300 2868 in
330 2831 495 2870 scholas
533 2832 759 2881 ventitare,
820 2842 940 2885 pater
960 2833 1185 2870 consilium
1199 2834 1307 2872 inire
1329 2848 1421 2872 cum
1443 2848 1480 2870 a·

127 2924 131 2947 ι
1112 2894 1144 2927 Α
1182 2898 1205 2933 2
