1778 3194
515 238 600 268 IN
670 233 1162 270 N1GRINUM.
1471 226 1570 275 519

107 343 192 376 rats
223 330 429 379 ου’κτιῦτοὶ
449 336 536 388 (ii,
570 336 644 390 qui
668 351 689 375 a
717 334 895 374 canibus
926 344 1025 374 sunt
1046 330 1331 389 morsi)446voz
1353 339 1567 391 λυσσῶσιν,

108 389 205 434 ἄλλά
223 395 285 435 καὶ
306 390 418 435 αὐτοὶ
435 393 538 447 (qui
564 393 611 432 ab
634 393 701 431 his
723 407 863 431 rursus
885 402 984 430 sunt
1014 392 1172 442 morsi)
1192 394 1388 445 ἔκφρονες
1406 397 1572 451 γίγνου..

104 466 186 501 ταις
249 449 431 504 Adparet
462 465 555 488 cum
593 449 884 489 Hcmsterkusz’o
921 448 1152 488 necessario
1180 449 1448 491 scribendum
1481 467 1571 494 esse

103 507 173 548 καὶ
194 498 300 548 οὗτοι
319 509 408 559 ἔκφ,
430 509 529 563 γίγν,
589 507 732 545 Etiam
755 505 871 559 prius
898 505 965 545 καὶ
987 499 1100 546 αὐτοὶ
1118 520 1371 559 magnopere
1391 522 1570 561 suspec-

104 572 215 613 tum,
249 564 406 618 quippe
424 564 610 602 otiosum
631 577 679 602 ac
699 566 904 617 jejunum.
958 562 1028 601 De
1046 560 1190 600 Solani
1211 564 1458 603 commentis
1483 580 1570 604 om-

101 619 206 658 nino
229 635 321 658 cum
345 620 498 660 Ηενηει.
531 619 665 669 facio,
707 631 958 673 quamquam
990 628 1032 656 et
1065 617 1172 655 mihi
1204 617 1348 670 aliquo
1381 630 1571 674 tempore

98 690 177 729 pro
201 679 374 719 διαθῶσι
393 677 436 714 in
463 686 641 718 mentem
664 676 781 728 veuit
803 674 954 717 δάκωσι
974 672 1092 728 (nan
1115 677 1281 724 δακῶσι,
1304 676 1418 728 quod
1440 679 1571 719 vitio-

99 747 191 771 sum
212 733 336 772 foret.
354 738 372 782 )
404 733 561 772 me.

210 789 309 843 Pag.
340 793 409 833 55.
440 793 525 831 1.1.
555 786 672 840 Ἡμῖν
706 788 827 844 ἒρςῖν)
863 788 1010 826 Locus
1039 787 1130 826 sine
1162 786 1294 826 dubio
1330 800 1568 843 corruptus,

98 844 143 883 in
180 860 265 899 quo
295 845 408 884 nihil
438 843 554 883 aliud
585 853 797 898 praestare
827 859 1022 897 possum,
1058 858 1182 896 quam
1217 854 1267 882 ut
1301 844 1570 886 felicioribus

98 902 284 952 ingeniis
302 917 395 941 eum
429 900 730 941 commendem.
765 900 984 940 Sententia
1008 910 1150 953 patet:
1184 900 1384 939 nimirum
1408 904 1570 943 voluit:

100 946 218 1011 Efgo
239 967 280 996 et
292 957 382 1009 ipse
405 958 591 996 animum
604 967 723 995 tuum
738 956 829 995 istis
849 956 1569 1010 philosophiNigrinisermonibus

98 1023 399 1066 compunctum
424 1028 512 1053 esse
534 1023 575 1053 et
588 1017 855 1053 vulneratum
880 1013 1049 1053 fateris:
1081 1023 1122 1051 at
1140 1013 1267 1052 verba
1286 1028 1370 1052 non
1395 1029 1571 1068 respon·

93 1069 216 1108 dent:
248 1084 408 1120 vereor,
441 1085 493 1109 ne
512 1085 657 1108 versus
679 1084 788 1108 unus
811 1080 852 1110 et
875 1073 979 1109 alter
999 1068 1275 1111 interciderit,
1308 1070 1433 1109 Nihil
1457 1082 1569 1124 agat,

92 1126 128 1165 si
154 1126 250 1180 quis
272 1140 315 1164 se
344 1124 592 1165 defunctum
615 1136 738 1179 putet
780 1125 1086 1179 conjectando,
1120 1127 1189 1167 καὶ
1216 1130 1294 1168 τῶν
1321 1125 1455 1169 αὐτῶν
1475 1127 1573 1181 ἡμῖν

91 1191 172 1222 etc.
222 1197 330 1237 quae
374 1196 543 1222 sensum
590 1181 786 1236 quidem,
821 1182 895 1222 sed
932 1197 1020 1222 non
1059 1182 1188 1235 hujus
1225 1184 1339 1233 loci,
1394 1184 1569 1227 habent.

92 1238 278 1294 Helmsr.

205 1293 311 1334 Ibid.
337 1291 495 1349 Ἐρςῖν)
539 1297 791 1338 Μαίνεσθαι.
834 1297 981 1336 Bnon.
1041 1296 1135 1336 Nec
1180 1299 1397 1349 μαίνεσθαι
1422 1301 1568 1352 juvat,

93 1365 196 1400 nec,
231 1349 345 1403 quod
379 1352 696 1391 Hemsterhusius
733 1355 821 1391 vult
856 1362 896 1392 et
916 1367 1058 1391 rursus
1091 1354 1261 1406 rejecit,
1296 1357 1365 1397 καὶ
1394 1360 1473 1396 τῶν
1499 1353 1571 1396 αὖ-

91 1411 169 1447 τῶν
192 1403 310 1458 ἡμῖν,
343 1422 420 1447 nec
442 1408 633 1461 Lennepz'i
664 1408 748 1463 (ad
781 1408 942 1448 Phalar.
969 1410 1051 1462 Ep.
1087 1411 1133 1449 T.
1155 1409 1189 1448 I.
1221 1425 1259 1463 p.
1287 1417 1356 1458 36.
1373 1416 1384 1458 )
1404 1414 1569 1466 οἰστρςῖν

92 1476 169 1515 pro
202 1464 324 1517 ἔρςῖν,
357 1478 435 1502 nec
467 1465 647 1503 Jacobsii
675 1464 815 1515 (Bibl.
845 1464 883 1504 d.
909 1479 945 1504 a.
976 1466 1030 1504 L.
1056 1480 1095 1506 u,
1117 1465 1167 1504 H.
1189 1480 1228 1519 p.
1250 1470 1349 1519 52.)
1373 1470 1568 1525 ἰλιγγιᾷν,

93 1533 170 1557 nec
193 1518 330 1568 Ejusd.
359 1519 434 1569 (in
462 1519 625 1558 Ρονεοη.
653 1519 869 1573 Adverss.)
899 1515 1045 1576 ὄργᾷυ,
1080 1535 1183 1571 nec,
1218 1538 1324 1576 quae
1347 1534 1389 1562 et
1415 1539 1492 1578 ego
1515 1524 1570 1564 ad

90 1588 310 1614 numerum
337 1578 678 1628 conjecturarum
703 1575 941 1630 augendum
958 1577 1122 1625 addam,
1140 1585 1287 1629 νοσεῖν,
1319 1582 1385 1617 vel
1410 1585 1570 1633 τρωθῆ-

90 1648 169 1673 ναι.
245 1631 397 1686 Neque
437 1632 612 1670 omnino
658 1643 904 1686 coriuptum
946 1632 1082 1673 haheo
1113 1637 1270 1675 locum.
1331 1637 1568 1676 Teneamus

90 1686 218 1727 modo
242 1689 418 1728 omnino
444 1688 578 1727 totius
600 1688 735 1728 libelli
760 1689 983 1728 consilium
1005 1699 1047 1730 et
1072 1690 1258 1731 indolem
1279 1702 1321 1732 et
1342 1691 1386 1730 in
1414 1708 1569 1733 memo-

90 1745 193 1784 riam
228 1744 423 1797 inprimis
464 1759 711 1784 revocemus
741 1761 813 1797 ea,
846 1761 951 1800 quae
985 1761 1019 1785 c.
1044 1752 1082 1789 7.
1117 1750 1334 1801 leguntur.
1397 1750 1567 1803 Quibus

92 1815 184 1840 cum
205 1800 249 1841 h.
269 1804 296 1841 l.
322 1801 490 1840 collatis
511 1801 587 1839 vix
608 1801 784 1840 dubium
809 1803 912 1852 erit,
949 1803 1053 1855 quin
1083 1804 1261 1844 omnino
1284 1808 1431 1844 saltem
1454 1816 1569 1846 recte

92 1856 349 1909 judicaverit
369 1857 551 1909 Langius
569 1857 677 1897 bene
712 1873 754 1896 se
777 1857 931 1897 habere
953 1859 994 1897 h.
1017 1862 1044 1897 l.
1070 1859 1218 1909 verba,
1251 1871 1300 1900 ut
1331 1864 1461 1916 vulgo
1497 1878 1568 1902 ex·

92 1912 331 1952 hibeantur.
397 1913 628 1952 Confessus
663 1913 791 1953 modo
826 1915 984 1953 amicus
1018 1914 1181 1965 fuexat,
1223 1930 1266 1956 se
1300 1919 1381 1970 jam
1415 1917 1567 1959 eodem

92 1968 262 2019 morbo,
295 1968 437 2010 eadem
459 1970 650 2019 insania,
683 1970 803 2024 quasi
823 1970 1029 2009 infectum
1056 1985 1166 2021 esse,
1196 1985 1279 2024 qua
1305 1974 1395 2026 ipse
1415 1974 1569 2015 Lucia..

90 2042 162 2065 nus
193 2025 418 2065 laboraret.
480 2026 608 2064 Hunc
632 2035 770 2065 autem
801 2026 988 2065 morbum
1015 2028 1283 2078 (passionem
1315 2030 1469 2079 animi,
1517 2040 1568 2069 ut

95 2081 229 2123 Cicero
251 2091 375 2121 vocat
393 2079 437 2123 τό
464 2078 624 2131 πάθος)
662 2085 824 2121 nullum
860 2083 990 2121 alium
1022 2083 1252 2138 intelligit,
1298 2099 1422 2137 qnam
1455 2087 1569 2125 insa-

90 2152 214 2186 num,
248 2137 291 2191 h:
317 2152 350 2179 e.
376 2137 794 2177 vehementissimum
819 2149 861 2179 et
883 2138 1203 2191 cupidissimum
1231 2155 1411 2180 amorem
1443 2156 1568 2182 verae

91 2193 422 2248 philosophiae,
455 2194 686 2233 excitatum
718 2195 837 2233 illum
875 2196 995 2247 quasi
1042 2199 1211 2246 aculeo,
1256 2211 1376 2250 quem
1415 2198 1567 2238 doctor

90 2249 394 2305 philosophiae
428 2250 570 2289 animo
595 2250 805 2290 auditoris
838 2251 1037 2302 immisit,
1080 2267 1186 2306 quae
1206 2263 1304 2291 sunt
1327 2254 1462 2306 ipsius
1481 2255 1566 2294 Lu-

91 2307 199 2347 ciani
219 2321 251 2347 c.
284 2311 324 2349 7.
353 2308 635 2358 comparantis
672 2306 732 2345 ibi
769 2307 938 2362 egi‘egie
973 2323 1087 2346 suam
1109 2310 1239 2348 animi
1275 2309 1565 2350 adfectionem

91 2377 186 2401 cum
209 2361 441 2400 amantium
464 2362 631 2403 studiis.
691 2363 783 2404 Jam
821 2379 906 2402 non
927 2365 1083 2416 poterit
1105 2365 1232 2405 facile
1258 2368 1340 2404 ulla
1369 2367 1563 2418 quaestio

90 2418 331 2471 simplicior
355 2431 441 2456 esse
460 2428 500 2457 et
522 2420 697 2470 clarior,
731 2434 852 2473 quam
878 2420 1004 2460 haec:
1063 2420 1217 2473 Ergone
1232 2425 1315 2474 jam
1339 2434 1373 2460 et
1394 2426 1473 2476 ipse
1494 2438 1565 2462 ηο-

91 2475 150 2513 bis
183 2476 376 2530 corfiieris
408 2484 442 2511 ie
459 2474 622 2515 amare?
677 2476 829 2515 Amare
854 2477 1017 2515 scili-cet
1039 2491 1089 2516 eo
1117 2492 1264 2526 sensu,
1300 2492 1420 2530 quem
1445 2489 1563 2519 ante-

91 2529 282 2569 cedentia
333 2534 552 2582 ὸηχθῆναι,
603 2529 748 2582 νόσος,
789 2536 911 2586 μανία
939 2534 1111 2586 largiter
1157 2534 1365 2584 fundunt,
1410 2545 1452 2574 et
1498 2550 1564 2574 se-

93 2586 268 2639 quentia
303 2589 502 2635 θεραπεία
539 2597 580 2625 et
617 2590 759 2630 ἰᾶσθαι
789 2589 1080 2641 comprobant.
1142 2589 1233 2630 Jam
1266 2590 1385 2640 vide,
1433 2604 1562 2644 quam.

93 2642 252 2692 optime
276 2643 535 2682 conveniant
560 2656 630 2691 ea,
665 2658 769 2697 quae
794 2660 907 2684 nunc
932 2659 1058 2697 porro
1080 2655 1276 2699 aguntur.
1337 2648 1463 2696 Sane,
1495 2661 1561 2686 re·

92 2697 274 2749 spondet
292 2698 383 2744 ille,
415 2710 450 2737 et
470 2714 538 2753 ego
558 2715 672 2750 amo,·
703 2704 836 2754 etjam
857 2719 880 2741 α
904 2714 938 2739 {e
954 2712 1056 2754 pem,
1083 2713 1123 2739 nt
1142 2701 1188 2740 cle
1210 2706 1405 2742 communi
1423 2704 1560 2757 aliquo

93 2753 257 2793 remedio
285 2758 440 2810 cogites.
512 2755 595 2797 Cui
626 2756 831 2802 Lucianus
861 2772 950 2799 non
984 2758 1125 2798 minus
1155 2760 1388 2813 sapienter,
1433 2774 1560 2816 quam
