1778 3194
450 294 536 326 1N
625 291 1062 324 ΤΙΜΟΝΕΜ.
1393 281 1494 330 363

0 382 2 388 ¹
26 396 134 441 οὕτω
153 406 201 450 ψ.
222 408 340 434 nunc
367 391 480 433 nihil
502 401 634 434 muto.
663 389 864 432 Plutarch.
888 390 939 429 Τ.
963 387 1022 430 II.
1051 403 1091 442 p.
1112 391 1208 435 595.
1228 391 1280 434 A.
1314 393 1493 447 ἐξενηνο-

0 456 137 509 ζχέναι
163 451 343 495 πιθανὸν
371 448 467 493 ὄντα
497 448 571 502 τήν
597 453 741 503 πρᾶξνν
769 445 848 489 ὑπὸ
882 447 1010 493 δέους.
1070 447 1239 489 Arrian.
1263 449 1313 492 A.
1343 451 1396 491 A.
1432 451 1491 492 II.

27 525 63 551 c.
90 516 156 554 12.
191 511 266 553 εἴτε
296 506 474 556 πιθανὸς
495 510 605 549 δοκεῖ
628 512 712 554 τοῖς
735 502 1009 560 ξυγγράψασιν
1034 498 1320 573 Ἀλέξανδρος,
1352 504 1406 556 ὥς
1425 510 1496 549 καὶ

0 591 2 619 ;
26 572 148 610 ταῦτα
171 564 223 609 div
238 563 392 621 πράξας
420 574 500 604 etc.
533 563 717 617 Porphyr.
741 561 791 601 de
827 562 874 600 A·
900 559 956 600 N·
989 574 1084 615 pag.
1105 564 1202 604 250.
1234 561 1293 604 ότι
1312 564 1352 605 δὲ
1372 562 1495 606 πλάσ-

0 634 1 671 Ῑ
29 639 111 667 σων
133 622 282 678 ἄντρον
302 620 504 670 ἀπίθανος
521 615 575 673 ἦν
587 619 795 658 Homerus.
815 616 1014 659 Plutarch.
1028 619 1076 658 T.
1095 616 1130 657 Ῑ.
1150 632 1193 671 p.
1210 622 1275 661 91.
1300 621 1352 660 E.
1375 623 1422 660 T.
1437 620 1493 661 II.

0 693 1 696 ’
29 696 68 735 p.
91 685 185 725 991.
210 680 259 722 A.
292 679 385 728 ὥςτε
406 677 459 732 μὴ
480 681 681 724 παντελῶς
700 673 934 722 ἀπιθάνους
952 672 1055 716 εἶναι
1072 673 1167 722 τοὺς
1185 675 1382 730 λέγοντας.
1412 678 1497 718 Ae-

0 759 2 792 g
29 738 182 777 schines
210 736 286 775 sub
303 736 477 774 initium
510 731 717 773 orationis
737 732 827 785 περὶ
848 736 1036 786 Παραπρ.
1058 728 1304 785 κατηγόρηκε
1321 736 1497 786 δωροδο-

30 796 141 843 κίας,
171 790 376 841 ἀπίθανος
399 789 454 833 ὢν
472 788 574 842 πρὸς
589 787 661 841 τὴν
677 785 862 840 ὑποψίαν
881 786 1042 840 ταύτην.
1104 789 1222 827 Haec
1250 790 1497 839 ostendunt,

32 848 251 903 quomodo
275 863 368 888 cum
389 846 583 901 personis
616 859 700 884 vox
722 845 803 883 ista
835 848 1133 899 conjungatur.
1191 845 1406 884 Salmonei
1428 860 1501 885 ne·

30 907 120 945 scio
144 919 266 959 quam
285 904 542 945 beneNoster
564 902 799 941 meminerit
824 901 869 939 in
891 901 970 940 hac
990 915 1138 940 scena:
1162 901 1206 940 in
1228 916 1278 940 eo
1301 911 1412 941 certe
1433 901 1502 940 sui

31 970 272 1001 contemtus
291 961 461 1014 Jupiter
491 961 731 1012 exemplum
755 967 958 997 statuerat
992 957 1094 996 satis
1113 971 1265 1012 grave3
1300 958 1441 1013 qualia
1463 957 1503 996 si

31 1017 233 1057 adversus
253 1017 361 1056 alios
380 1015 608 1055 sceleribus
639 1030 686 1053 ac
706 1013 879 1068 flagitiis
911 1014 1102 1068 insignes
1133 1013 1339 1054 edidisset
1361 1018 1500 1068 plura,

30 1088 119 1112 non
151 1083 240 1112 erat
267 1073 488 1126 profecto,
521 1087 595 1110 cur
614 1081 837 1124 tantopere
856 1070 1014 1110 Timon
1045 1070 1243 1110 inertiam
1271 1071 1408 1110 vetuli
1428 1071 1504 1111 Jo-

30 1129 97 1170 vis
127 1129 354 1171 incusaret.
414 1130 483 1168 De
507 1129 732 1167 Salmoneo
762 1140 906 1166 versus
935 1137 1035 1165 sunt
1056 1127 1228 1166 Manilii
1246 1127 1297 1178 V,
1317 1132 1387 1170 91.
1409 1136 1510 1181 post

31 1185 314 1238 multiplicem
350 1185 574 1224 hominum
604 1183 991 1224 eruditissimorum
1022 1198 1161 1222 curam
1195 1183 1413 1233 nondum,
1459 1193 1510 1223 ut

32 1241 140 1280 mihi
162 1241 335 1294 quidem
355 1241 549 1290 videtur,
582 1239 821 1293 pei-sanati:
854 1239 956 1293 quid
980 1241 1154 1279 molitus
1182 1241 1240 1278 sit
1267 1241 1333 1279 vir
1353 1241 1509 1293 prima-

32 1298 120 1336 rius
140 1297 177 1336 J.
198 1298 264 1337 Fr.
297 1298 516 1337 Gronovius
536 1296 638 1336 Obs.
663 1296 746 1345 ΙΙῘ,
772 1299 837 1339 15.
857 1310 944 1334 non
971 1310 1036 1334 me
1059 1296 1198 1350 fugit;
1232 1296 1348 1335 hunc
1370 1306 1510 1334 tamen

0 1354 3 1366 ⁴
34 1353 79 1391 in
109 1352 282 1392 modum
315 1354 350 1392 si
383 1352 726 1402 constituantur,
758 1351 936 1405 propius
969 1352 1020 1391 ad
1049 1353 1228 1405 priscam
1248 1358 1403 1406 poetae
1425 1365 1512 1390 ma·

34 1423 137 1448 num
158 1409 303 1449 accedi
324 1423 448 1462 posse
471 1423 645 1448 censeo:

255 1466 369 1506 Hinc
389 1465 485 1504 milii
507 1464 856 1520 Salmoneus‘(qui
877 1463 1025 1505 coelum
1048 1467 1224 1504 imitatus
1247 1467 1289 1504 in
1311 1464 1415 1513 orbe,

254 1521 444 1563 Pontibus
461 1523 654 1575 impositis
677 1521 782 1573 (nisi
805 1522 940 1570 malis,
965 1521 1154 1560 Pontibus
1173 1537 1222 1561 ac
1236 1522 1397 1574 positis)
1420 1522 1515 1560 mis·

865 1581 993 1631 sisque
1007 1594 1076 1630 per
1107 1594 1196 1616 acra
1223 1577 1429 1631 quadrigis

254 1634 505 1689 Expressisse
523 1647 659 1672 sonum
681 1634 820 1673 mumli
844 1634 920 1673 sibi
942 1637 1068 1682 visus,
1101 1645 1136 1672 et
1157 1637 1285 1686 ipsum

256 1692 495 1731 Admovisse
516 1690 649 1728 Jovem
672 1693 783 1730 terris
807 1690 853 1729 de
863 1690 1208 1745 fitlmitzefinsrit:

264 1749 391 1787 Sensit
411 1757 451 1785 at
470 1749 675 1785 immensos
696 1750 828 1799 ignes,-
860 1763 972 1799 super
1001 1749 1082 1799 ipsc
1101 1756 1254 1786 secutus

257 1803 396 1845 Morte
415 1802 549 1841 Jovem
570 1801 743 1854 didicit)
769 1813 974 1855 generatus
998 1805 1125 1854 possit
1153 1802 1300 1841 haberi.

41 1859 242 1908 Sensum,
283 1873 368 1911 quo
397 1868 485 1897 erat
516 1856 764 1895 admirando
800 1858 967 1910 ingenii
1000 1857 1219 1906 acumine,
1261 1855 1450 1910 pervidit
1476 1857 1514 1899 J.

45 1917 249 1969 Scaliger:
282 1915 328 1954 cle
341 1913 521 1971 fulmine
550 1912 805 1965 capiendum
835 1923 897 1951 est
928 1927 975 1952 ea
1001 1914 1088 1952 fere
1112 1923 1355 1965 potestate,
1390 1928 1518 1968 quam

45 1973 269 2012 Salmasius
296 1969 509 2023 explicuit
539 1967 591 2006 ad
618 1968 851 2007 Ter-tullian.
877 1969 982 2009 Pall.
1015 1982 1057 2021 p.
1085 1973 1179 2013 139.
1213 1969 1342 2008 etiam
1376 1970 1517 2023 ipsum

46 2043 89 2068 se
120 2029 270 2070 Jovem
299 2026 422 2066 terris
463 2023 700 2063 admovisse
733 2023 880 2073 finxit,
925 2023 1041 2078 quod
1068 2024 1120 2064 ad
1151 2026 1315 2064 fulmen
1347 2027 1514 2075 attinet,

44 2089 159 2139 jacto
189 2084 396 2122 fulmine:
429 2080 607 2134 Euripid.
641 2081 753 2133 apud
776 2081 1012 2122 Dicaearch.
1038 2085 1082 2122 B.
1110 2087 1159 2123 Ε.
1188 2092 1229 2134 p.
1252 2087 1320 2124 22.
1351 2106 1402 2111 ——-
1436 2080 1516 2130 392'

49 2136 111 2183 ἐπ’
131 2139 332 2193 Ἀλφειοῦ
354 2141 466 2193 ῥοαῖς
494 2141 599 2179 Θεοῦ
619 2138 756 2189 μανεὶς
782 2138 920 2190 ἕρῤιψε
939 2137 1177 2190 Σαλμωνεὺς
1196 2136 1347 2192 φλόγα·
1379 2141 1518 2192 plura,

29 2211 159 2250 quae
191 2196 245 2235 ad
267 2195 511 2234 firmandam
545 2195 831 2247 conjecturam
852 2197 1017 2245 valent,
1050 2192 1248 2247 perse'qui
1275 2209 1363 2233 non
1383 2205 1518 2235 vacat.

51 2253 250 2292 Ceterum
283 2252 550 2290 Salmoneum
578 2259 621 2289 et
653 2252 878 2288 Tantalum
908 2265 986 2302 pro
1019 2250 1267 2289 hominibus
1302 2251 1446 2305 impiis
1478 2261 1522 2291 et

50 2310 171 2347 Deos
203 2306 556 2361 oppugnantibus
598 2305 746 2359 posuit
777 2306 974 2347 Heraclii.
1010 2307 1146 2359 Alleg.
1185 2308 1313 2347 Hom.
1348 2322 1391 2360 p.
1422 2312 1522 2351 408.

49 2364 152 2404 Vid.
172 2365 354 2405 Maxim.
379 2364 469 2416 Ty.)
500 2364 558 2403 D.
578 2361 782 2405 XXXVI.
802 2372 845 2402 et
864 2363 997 2404 Hadr.
1018 2359 1130 2402 Junii
1151 2363 1316 2417 Adagia
1345 2364 1392 2402 in
1417 2363 1523 2403 Sal-

50 2438 209 2462 moneus
230 2418 352 2469 alter',
384 2418 456 2456 ubi
483 2418 598 2472 quod
619 2418 860 2473 exEnnapio
878 2421 1063 2473 profert,
1095 2420 1256 2476 legitur
1284 2419 1398 2474 apud
1419 2420 1522 2461 Sui-

54 2477 150 2517 clam.
171 2478 216 2516 in
237 2472 466 2531 Εὗτρόπιος
484 2484 526 2514 et
545 2479 706 2528 Χρῆμα.
749 2477 931 2516 HEMST.
955 2478 1015 2517 II.

170 2533 271 2574 Εαᾶ.
303 2535 330 2572 l.
366 2537 432 2575 16.
476 2534 575 2580 Πῶς
599 2530 704 2587 γὰρ)
750 2532 940 2573 Omnino
980 2532 1206 2588 legendum
1233 2538 1321 2582 πῶς
1342 2533 1417 2589 γὰρ
1448 2532 1523 2586 οὖς

81 2589 169 2630 uod
193 2589 368 2629 Graecis
400 2589 615 2641 frequens,
647 2588 696 2630 V.
725 2589 860 2643 Enrip.
894 2589 1020 2628 Rhes.
1049 2603 1091 2642 p.
1121 2595 1219 2633 472.
1248 2590 1300 2631 C.
1353 2591 1521 2635 Sonus,

54 2605 316 2698 interpretes
339 2646 398 2684 ita
421 2653 660 2694 verterunt,
693 2659 740 2684 ac
761 2647 797 2689 si
819 2647 1048 2701 legissent,
1081 2645 1197 2700 quod
1226 2647 1395 2687 volebat
1419 2646 1525 2688 doc-

61 2703 148 2743 tiss.
171 2701 364 2752 solanus,
396 2706 483 2750 πῶς
504 2698 580 2756 γὰρ
601 2698 672 2752 οὗ,·
703 2716 795 2741 eum
815 2703 859 2742 in
882 2701 1052 2741 modum
1073 2716 1174 2742 sane
1203 2703 1429 2757 legendum
1455 2705 1527 2743 fo·-

60 2768 138 2807 ret,
164 2758 199 2797 si
217 2757 292 2797 tali
312 2758 481 2797 tatione
499 2757 750 2798 sententiam
772 2762 986 2810 expleres:
1018 2762 1105 2808 πῶς
1123 2757 1198 2815 γὰρ
1223 2758 1299 2805 οὐκ
1316 2758 1526 2814 ἇντιβρου..

61 2814 189 2869 τήσειέ
207 2828 273 2858 σοι
298 2810 320 2857 ὅ
342 2813 583 2871 Σαλμωνεύς
591 2833 602 2869 3
635 2814 772 2871 quidm·
794 2819 894 2855 enim
907 2814 1139 2857 Salmoneus
1164 2816 1365 2858 adversum
1387 2828 1423 2856 te
1440 2816 1528 2873 ful·
