1778 3194
450 265 481 297 Β
551 264 578 295 1‘
646 265 666 298 Ι
736 264 757 292 S
829 263 859 293 Τ
928 263 958 293 0
1028 263 1057 295 L
1129 265 1175 294 A.
1401 259 1565 290 chvn

91 356 267 418 aperire
301 363 450 403 oculos
482 362 720 403 voluerint.
783 360 997 402 Graviora
1027 366 1275 416 supersunt.
1335 355 1564 399 Nemini

93 445 121 484 p
139 446 160 469 e
176 445 194 469 r
207 443 226 469 s
241 445 265 469 u
282 443 303 468 a
318 428 343 468 d
358 444 380 469 e
394 444 414 470 r
428 443 452 470 e
489 432 524 485 “p
538 438 590 470 ot
604 444 626 469 e
642 430 718 469 rit
767 427 953 468 Gesnerus
1009 428 1063 468 de
1114 429 1280 466 illm-ani
1320 424 1556 475 sententia,

94 512 224 553 quam
252 513 275 538 a
309 506 430 552 parte
460 499 615 552 probat
642 496 885 545 Pontedera,
918 511 976 537 ea
1006 509 1064 536 se
1103 495 1402 535 invenisse
1432 493 1556 547 pri-

91 580 351 622 mumque
395 564 774 616 excogitasse,
814 577 953 618 quae
995 578 1019 604 a
1049 561 1274 601 Pomeclera
1301 561 1553 616 Lipsiam

90 636 261 675 missa
298 637 450 675 inter
487 645 678 672 manus
714 633 972 672 habebat.
1052 629 1190 683 Quis
1231 631 1380 669 enim
1420 635 1553 668 ante

88 703 247 742 illum
305 701 367 742 de
421 701 635 740 crescentio
702 702 758 738 in
809 701 910 739 illa
946 689 1019 740 ¹re
1073 698 1389 742 somniavit
1437 710 1552 735 um—

91 769 281 825 quam?
341 768 482 820 Quis
524 765 587 806 de
640 766 800 807 Catonis
850 769 1020 818 libro,
1072 765 1389 809 Catoniana
1438 777 1553 804 om·-

92 838 182 879 nia
223 844 414 879 essent
452 851 516 876 an
557 844 783 885 contra,
823 849 844 873 a
889 850 990 890 quo
1035 842 1121 874 est
1169 841 1301 873 ante
1345 830 1553 871 Pontede-

91 920 178 944 ram
217 902 545 946 ostensum?
616 901 755 954 Quis
795 903 855 944 de
900 902 1227 944 Columellae
1264 901 1553 942 volumine

90 972 146 1014 (le
179 974 405 1019 arboribus
442 971 740 1027 inscripto
788 985 882 1023 ea,
940 985 1080 1026 quae
1129 979 1185 1011 tu
1226 966 1554 1019 collegisti,

89 1056 136 1083 m
151 1056 173 1082 e
188 1041 368 1082 ditatu
383 1053 401 1079 s
433 1054 456 1078 e
471 1048 520 1079 st
539 1038 559 1078 ?
601 1038 743 1088 Quasi
762 1052 868 1078 vero
888 1041 1048 1079 mirum
1071 1047 1210 1089 esset,
1242 1036 1328 1077 duo
1351 1035 1555 1075 homines

91 1112 146 1149 ab
162 1110 342 1161 ingenio
366 1116 410 1147 et
429 1108 570 1147 literis
590 1120 678 1146 non
699 1105 955 1155 destitutos,
987 1107 1070 1146 hoc
1095 1112 1275 1157 agentes
1305 1103 1557 1154 diligenter,

92 1192 190 1217 cum
215 1176 368 1216 eadem
390 1173 582 1215 subsidia
602 1175 819 1224 habeant,
847 1173 999 1213 videre
1017 1172 1150 1214 idem.
1211 1172 1329 1223 Quin
1360 1171 1435 1210 ille
1460 1169 1558 1220 ipse

90 1246 188 1286 veri
215 1248 437 1283 character
473 1251 565 1293 est,
606 1244 643 1282 si
670 1240 788 1281 idem
817 1243 1012 1297 pluribus
1043 1241 1261 1282 videatur.
1323 1236 1558 1277 Caeterum

89 1313 210 1352 viam
242 1324 597 1365 unumquemque
639 1311 838 1349 nosti-sun
869 1323 993 1350 suam
1022 1311 1178 1360 ivisse,
1222 1306 1471 1363 adparebit‚
1519 1302 1558 1340 si

94 1380 192 1434 quis
213 1380 325 1419 tanti
347 1387 474 1433 putet
487 1388 658 1417 nostras
677 1377 905 1431 utriusque
924 1376 1316 1417 commentationes
1336 1373 1558 1426 inspicere

93 1454 140 1486 et
156 1446 275 1486 inter
302 1459 349 1485 se
375 1459 637 1499 comparare.
701 1444 841 1483 I'auca
867 1458 1125 1485 moneamus
1149 1443 1202 1483 de
1231 1441 1430 1494 singulis.
1489 1436 1560 1476 De

95 1511 334 1562 Cresccniio,
374 1520 423 1552 ut
446 1512 559 1551 bona
584 1511 666 1551 fide
694 1520 737 1550 et
761 1512 887 1565 quasi
906 1513 1032 1552 testis
1055 1513 1393 1566 circumspectus
1418 1519 1557 1557 agam,

91 1593 183 1620 non
215 1579 356 1618 ausim
391 1585 490 1633 post
520 1592 584 1616 xv
625 1593 840 1619 annorum
872 1579 1181 1629 intervallum,
1224 1590 1367 1631 neque
1398 1574 1559 1621 dicere,

90 1659 234 1701 neque
254 1659 413 1697 negare
429 1678 438 1695 ‚
466 1645 653 1700 primam
677 1646 798 1684 illius
821 1647 1022 1686 notitiam
1042 1661 1065 1687 a
1087 1660 1158 1686 me
1182 1645 1331 1685 deberi
1350 1643 1425 1683 vel
1445 1640 1562 1679 Pon-

90 1714 264 1762 hederae,
297 1714 371 1753 vel
402 1713 645 1766 inor-gagno.
708 1713 797 1753 Sed
830 1715 913 1754 hoc
945 1715 1060 1765 scio,
1089 1729 1160 1755 me
1193 1715 1240 1753 in
1270 1710 1562 1762 Bibliotheca,

90 1796 223 1838 quam
243 1782 468 1831 curabam,
499 1781 760 1822 Vinariensi
781 1783 996 1835 reperisse
1018 1782 1245 1835 exemplar
1265 1776 1377 1820 illud
1401 1776 1563 1829 ipsum,

97 1851 218 1901 cujus
249 1850 295 1888 in
318 1847 528 1900 Catalogo
560 1849 737 1888 rusticis
782 1850 1025 1903 praemisso
1060 1849 1336 1888 mentionem
1367 1845 1475 1890 sec-i,
1515 1843 1567 1881 in.

95 1930 181 1970 quo
214 1930 311 1955 cum
341 1914 543 1955 viderem
585 1918 780 1956 crebram
817 1916 977 1957 Catonis
1006 1925 1050 1957 et
1082 1916 1276 1955 Varronis
1312 1921 1356 1953 et
1384 1908 1567 1951 Pallasne

95 1984 398 2032 mentionem,
433 1989 478 2020 et
501 1983 596 2036 ipse
630 1984 736 2022 satis
769 1985 848 2022 otii
880 1998 969 2023 non
1001 1985 1235 2032 haberem,
1275 1979 1377 2020 deth·
1405 1979 1568 2018 librum

100 2049 123 2090 J
138 2065 177 2089 o.
210 2049 321 2090 Rod
336 2050 471 2102 olph
487 2064 510 2088 o
543 2048 577 2088 E
595 2065 620 2090 n
636 2052 761 2101 gavi
778 2066 800 2090 o
816 2083 824 2099 ‚
860 2051 1075 2105 discipulo
1102 2058 1195 2089 tum
1215 2063 1315 2089 meo
1331 2080 1342 2099 ,
1372 2050 1460 2097 jam
1481 2059 1568 2084 ati-

95 2118 306 2158 tecessori
327 2115 441 2169 apud
461 2115 676 2157 Jenenses
696 2120 919 2172 praeclare
943 2119 1155 2167 merenti,
1188 2117 1240 2154 ab
1275 2129 1415 2170 eoque
1445 2110 1568 2166 petii,

99 2194 150 2225 ut
188 2185 452 2238 ubicumque
485 2185 820 2226 triumvirorum
864 2187 1047 2236 alicujus
1087 2182 1362 2225 mentionem
1399 2179 1573 2221 videret

99 2253 224 2302 fieri,
255 2253 399 2291 locum
419 2252 564 2305 ipsum
595 2251 831 2304 diiigenter
853 2260 1107 2307 quaereret,
1139 2259 1183 2291 et
1213 2265 1298 2306 quo
1328 2250 1464 2297 libro,
1497 2260 1573 2285 ca-

100 2320 210 2375 pite,
228 2320 438 2373 particula
453 2319 744 2369 inveniretur,
765 2320 1041 2360 s‹·1·iberet.in
1064 2318 1261 2370 margine
1282 2317 1383 2357 libri
1397 2347 1406 2365 ‚
1437 2315 1574 2354 verba

100 2395 248 2428 autem
268 2399 324 2425 ex
344 2386 432 2424 illis
447 2394 587 2425 sumta
599 2388 820 2428 subductis
838 2387 968 2427 lineis
987 2387 1204 2438 signaret:
1230 2382 1346 2441 quod
1359 2382 1573 2431 alacriter,

109 2462 159 2495 ut
170 2462 260 2494 erat
272 2452 444 2501 ardens,
458 2453 494 2491 si
506 2455 738 2504 gratificari
753 2454 862 2494 mihi
875 2463 1036 2508 posset,
1052 2456 1104 2494 ab
1117 2455 1194 2492 illo
1208 2455 1578 2507 persectnmsum-

105 2535 222 2562 mam
254 2520 365 2559 mihi
396 2519 751 2562 commoditatem
781 2520 1038 2562 conferendi
1064 2521 1164 2561 illos
1197 2522 1316 2560 locos
1341 2517 1575 2574 praestitit.

103 2587 238 2629 Porro
252 2594 588 2626 monumentum
604 2587 716 2628 illud
739 2588 995 2639 diligentiae
1008 2589 1178 2640 Engavii
1191 2595 1337 2628 servat
1352 2585 1492 2625 adhuc
1504 2583 1581 2623 Bi-

109 2655 331 2695 bliotheca
349 2653 656 2706 vinariensisr,
674 2657 789 2698 vivit
803 2665 964 2706 autem,
979 2663 1022 2695 et
1041 2655 1131 2706 diu,
1145 2669 1323 2710 quaeso,
1341 2655 1464 2694 vivat
1483 2655 1578 2706 ipso

106 2719 426 2776 Engavius‚
458 2734 591 2779 quem
617 2723 837 2766 mendacii
865 2725 956 2768 mei
987 2724 1211 2769 conscium
1230 2722 1583 2772 haberenolim.
