1778 3194
192 266 220 296 c
474 257 800 290 LUCIANUS
857 256 983 288 NUM
1042 255 1382 288 ADJUVARE

194 370 267 405 tus
285 359 338 415 60)
354 392 364 411 ,
395 355 622 398 incondito
649 355 828 412 quidem
850 352 1068 395 scribendi
1088 369 1264 408 genere,
1296 353 1373 396 sed
1393 367 1553 406 magno
1573 365 1672 394 cum

196 428 349 483 judicii
369 427 571 466 acumine
585 425 794 480 protulit:
816 432 860 464 at
876 439 983 466 vero
997 426 1259 465 labefactata
1281 431 1325 464 et
1348 424 1558 463 convulsa
1572 432 1670 460 esse

200 511 291 537 non
333 493 570 534 fatebimur
612 500 738 544 ante,
781 506 911 548 quam
954 495 1197 533 contrariae
1236 493 1429 533 rationes
1466 488 1673 531 vicerint.

199 560 397 610 Deinde,
432 561 471 600 si
501 560 667 600 Lucia
683 576 740 598 no
782 562 1000 619 tribuatur
1026 559 1315 617 Philopatris⁷
1356 558 1670 598 demonstran-

202 629 307 670 dum
337 636 429 669 erat
452 625 625 668 idoneis
664 627 933 678 rationibus,
972 630 1266 682 posteriorem
1298 629 1415 667 hunc
1449 623 1672 675 dialogum

201 699 341 738 fuisse
365 696 548 746 Proteo,
572 708 706 750 quum
730 695 985 735 exstiterint
1007 695 1057 750 6ι)
1075 727 1085 747 ,
1118 697 1194 752 qui
1218 702 1360 736 aetate
1384 693 1578 750 priorem
1593 693 1671 742 ju·-

202 763 412 805 dicarent.
473 761 588 801 Tum
609 763 857 803 confirmari
881 762 1138 815 diligentius
1160 763 1392 818 oportebat
1407 790 1418 812 ‚
1450 756 1566 817 quod
1586 756 1673 812 pri·

200 844 321 880 mus,
363 830 450 870 nisi
486 831 639 880 fallor,
678 830 787 870 Nic.
827 830 1203 884 Nonnenius⁶²)
1243 830 1418 880 statuit,
1460 828 1675 882 Scriptum

203 913 300 940 esse
327 898 548 949 dialogum
570 904 718 937 contra
742 897 1049 939 montanistas.
1109 897 1336 953 Denique,
1368 896 1414 936 id
1443 893 1559 952 quod
1589 892 1675 932 diff:

201 965 448 1007 ficillimum
481 965 774 1015 arbitramur,
814 974 959 1006 rectae
993 963 1377 1020 interpretationis
1405 976 1492 1020 ope
1523 960 1676 1011 desig—

202 1033 348 1073 nanda
380 1039 507 1072 erant
536 1033 653 1083 loca,
694 1033 853 1089 quibus
882 1031 1126 1073 Luciam·
1164 1033 1212 1072 in
1242 1046 1370 1073 veros
1404 1029 1678 1071 Christianos

202 1099 398 1142 studium
434 1115 481 1140 ac
511 1102 750 1154 propensio
778 1103 963 1141 eluceat.
1025 1101 1124 1153 Qua
1152 1101 1200 1140 in
1231 1113 1277 1140 re
1309 1099 1394 1140 sibi
1415 1095 1587 1138 cavebit
1605 1094 1679 1134 vir

201 1167 552 1218 eruditissimus,
597 1182 676 1219 ne,
722 1183 853 1222 quain
897 1182 1038 1223 nuper
1076 1168 1124 1206 in
1156 1167 1334 1208 Patr-um
1362 1162 1677 1222 explanatione

203 1237 370 1288 collega
394 1236 628 1286 theologus
651 1235 737 1289 ipsi
759 1237 883 1275 litem
906 1236 1047 1276 movit
1070 1234 1141 1288 ⁶³),
1175 1233 1362 1274 eandem
1386 1233 1436 1274 in
1456 1230 1676 1284 Philopa-

202 1302 316 1345 tride
354 1301 690 1357 interpretando
720 1302 936 1357 philologi
961 1303 1208 1343 intendant.
1281 1301 1437 1345 Sobria
1474 1300 1595 1340 enim
1633 1303 1680 1336 et

203 1381 320 1411 certa
351 1370 520 1410 ratione
556 1369 848 1424 expugnanda
883 1379 949 1411 est
976 1370 1202 1425 persuasio
1234 1371 1437 1420 illorum,
1471 1368 1547 1422 qui
1581 1379 1674 1405 non

200 1438 428 1494 pontificia
451 1439 712 1477 auctoritate
737 1436 788 1490 ⁶⁴)
816 1436 893 1476 sed
927 1452 1004 1478 suo
1035 1438 1198 1489 judicio
1233 1439 1360 1487 freti,
1392 1444 1458 1476 tot
1479 1449 1558 1491 per
1586 1447 1674 1472 an—

201 1519 283 1546 nos
311 1507 440 1545 aliter
465 1505 815 1559 explicaverunt.
873 1503 926 1545 Id
960 1505 1062 1546 dum
1092 1506 1384 1544 Kestncrus
1423 1501 1673 1559 perfecerit,

203 1585 292 1612 non
322 1571 428 1622 erit,
461 1572 578 1625 quod
598 1573 646 1612 in
668 1587 785 1614 nova
807 1575 902 1623 ejus
938 1573 1148 1627 opinione
1177 1570 1470 1613 examinanda
1492 1571 1674 1610 labore-

247 1846 306 1889 60)
334 1844 584 1880 Ansaldus
607 1846 647 1878 in
671 1840 770 1878 libro
797 1854 908 1889 supra
928 1850 1006 1881 not.
1038 1844 1095 1888 56.
1125 1843 1293 1890 laudato,
1322 1845 1493 1880 cuiinest
1520 1842 1576 1888 (p.
1605 1851 1674 1877 202

291 1898 338 1919 ·—'-
362 1895 440 1937 2291
474 1892 705 1934 dissertatio,
734 1901 806 1935 qua
833 1901 876 1923 ex
909 1892 1095 1925 Lucianeo
1121 1893 1394 1937 Philopatridos
1422 1891 1570 1934 dialogo
1595 1888 1675 1932 pri-

291 1949 440 1972 morum
460 1938 663 1972 multitudo
686 1936 985 1971 Christianorum
1005 1938 1152 1982 aliaque
1170 1939 1217 1972 ad
1232 1950 1312 1971 eam
1333 1937 1559 1982 pertinentia
1581 1945 1673 1967 con-

292 1985 503 2018 firmantur.
553 1985 723 2017 Aliorum
744 1983 787 2015 de
808 1981 880 2015 hoc
901 1983 1050 2028 dialogo
1071 1984 1272 2019 sententias
1294 1984 1480 2018 recensuit
1500 1980 1674 2016 Fabri-

293 2030 401 2064 cius
432 2031 468 2063 in
491 2029 654 2064 Salutari
672 2030 754 2063 luce
773 2029 988 2074 Evangelii,
1014 2042 1052 2075 p.
1079 2040 1153 2075 155,

246 2098 306 2141 61)
332 2099 376 2130 In
398 2097 455 2130 his
473 2099 565 2133 Tob.
586 2099 616 2131 E
629 2109 649 2130 c
660 2097 682 2130 k
694 2097 717 2130 h
729 2097 802 2130 ard
815 2109 838 2131 u
849 2109 865 2130 s
890 2098 930 2131 in
943 2100 1060 2132 Non-
1074 2100 1376 2135 Christianorum
1397 2100 1441 2134 de
1455 2098 1604 2133 Christo
1616 2102 1673 2130 te·

290 2144 475 2177 elimoniis
492 2145 711 2189 (Quedlinb.
741 2153 835 2188 1725.
859 2149 910 2187 4.)
938 2156 973 2189 p,
1001 2157 1085 2189 115:
1115 2158 1187 2191 quo
1214 2148 1309 2179 libro
1341 2149 1386 2179 de
1416 2144 1680 2189 Philopatride.

292 2196 426 2223 contra
446 2190 657 2223 Gesnerum
683 2190 735 2223 ita
757 2190 972 2233 disseritur,
999 2198 1041 2225 ut
1067 2192 1236 2237 dialogus
1268 2193 1455 2226 referatur
1485 2191 1531 2224 ad
1548 2190 1671 2233 impe-

291 2236 390 2268 rium
409 2237 450 2269 L.
477 2235 564 2268 Veri
587 2241 623 2268 et
640 2236 780 2269 bellum
792 2236 1030 2271 Parthicum:
1058 2250 1131 2283 quo
1153 2244 1320 2282 tempore
1339 2239 1450 2272 etiam
1471 2238 1523 2270 Ke
1535 2247 1550 2270 s
1562 2242 1668 2269 tne*

291 2293 312 2314 r
325 2293 349 2315 u
360 2293 375 2314 s
398 2281 580 2321 seriptum
597 2289 716 2327 putat.
960 2303 962 2305 >

245 2349 309 2393 62)
335 2352 379 2383 In
408 2349 590 2383 dissertat‘
617 2348 746 2383 critica
778 2350 822 2384 de
844 2351 1031 2395 Lucieno,
1057 2353 1134 2386 sive
1161 2354 1328 2399 quisquis
1355 2359 1487 2387 auctor
1513 2349 1668 2396 dialogi,

291 2397 545 2430 Montanistas
562 2396 802 2438 traducente,
825 2398 980 2431 Bremae
1005 2411 1102 2444 1743·
1128 2412 1162 2443 4.
1211 2402 1424 2433 Laudamur
1443 2399 1553 2433 etiam
1570 2398 1668 2431 hanc

293 2443 446 2520 5¹?d.rem
486 2441 698 2476 Miseellan.
730 2443 914 2488 Groning.
947 2447 1015 2478 To.
1040 2447 1104 2486 lv,
1141 2459 1179 2491 P.
1210 2458 1288 2491 329.
1321 2458 1426 2492 sqq„
1461 2455 1554 2491 quae
1587 2454 1667 2477 non.

291 2499 326 2519 vi
355 2497 462 2522 nnus.

244 2553 304 2595 63)
331 2558 365 2588 B
377 2569 398 2588 α
413 2570 432 2588 u
445 2570 475 2588 m
485 2570 513 2602 g
524 2570 545 2590 a
558 2571 575 2590 r
585 2567 600 2591 t
613 2572 629 2590 ε
639 2570 661 2589 n
685 2577 707 2585 -
728 2557 811 2589 (ἵνα
823 2571 838 2589 s
849 2559 892 2590 iu
905 2571 921 2591 ε
943 2560 1151 2594 Lina-iruna
1162 2564 1198 2595 in
1217 2564 1284 2595 das
1301 2562 1464 2594 Studium
1488 2560 1547 2592 ‹ler
1564 2559 1664 2603 Dog-

291 2602 400 2634 matik
415 2628 425 2645 ‚
450 2614 485 2647 p.
511 2611 588 2649 139.
609 2616 690 2649 sqq.
1122 2587 1144 2607 ὸ

240 2669 302 2713 64)
330 2671 533 2721 alexander
555 2675 644 2718 VII,
672 2675 840 2720 pontifex
856 2676 1066 2720 Romanus,
1092 2678 1328 2723 Philopatrin
1347 2687 1420 2710 una
1445 2686 1531 2709 cum
1550 2674 1657 2707 Pete-

283 2726 396 2761 g-rmo
414 2718 550 2754 Proteo
567 2721 607 2755 in
622 2727 747 2757 atrum
763 2722 927 2758 indicem
945 2724 1075 2761 retulit
1092 2725 1278 2761 librorum
1296 2719 1589 2771 prohibitorum.
