1778 3194
208 218 240 248 3-
665 209 1234 242 ΡΗΑΕΒΛῪῙΟ.

209 318 308 361 ene
345 309 406 359 de
435 312 605 357 Hemi
641 311 702 357 cle
735 311 792 356 V
787 311 935 369 aloc-5,
995 321 1042 354 et
1069 307 1305 373 quelques
1336 307 1585 357 variantes
1607 304 1674 354 du

209 395 253 430 tx
258 382 348 428 alte
412 378 471 426 de
509 377 730 445 Syntaxe
769 376 1132 441 d'Apollonius,
1182 375 1366 441 d'apres
1407 376 1678 425 l'excellent

208 448 474 500 Manuscrit
505 447 622 495 Nro
653 447 801 498 2548
873 451 936 504 4)
985 444 1055 493 Le
1087 445 1203 496 Nro.
1239 450 1315 494 10.
1358 464 1428 493 un
1457 445 1674 510 Lexiqne

207 517 362 566 inedit
391 516 476 565 des
515 530 638 565 mots
681 515 741 563 de
776 518 992 574 Lzoeien,
1041 513 1226 579 d’apres
1258 514 1302 561 le
1344 513 1433 564 MS.
1467 516 1582 565 345.
1616 513 1676 561 de

205 584 594 634 Saint-Germain
611 622 624 645 ,
667 598 714 632 et.
755 584 988 649 quelques
1020 583 1209 630 extraits
1236 582 1304 630 du
1326 586 1546 632 Lexicon
1566 584 1676 630 rhe-

206 659 418 704 toric-am
448 654 616 720 (quod
648 666 1049 701 commemoratul
1083 652 1133 699 in
1161 652 1393 700 FABmcn
1438 651 1558 700 Bibl.
1591 651 1677 698 Gr.

207 725 319 772 Vol.
353 724 412 773 V.
447 742 493 788 p.
514 729 626 773 347.
651 721 722 769 ed.
756 725 944 781 IIarl..)
1016 722 1203 769 Verum
1229 719 1352 768 haee
1385 720 1561 798 eglegii
1589 718 1680 768 viri

205 791 488 851 Anecdota,
524 790 659 838 haud
694 789 839 838 dubie
870 804 917 838 et
937 790 1038 855 ipsa
1073 789 1289 857 egregia,
1328 790 1548 837 emtionis
1571 789 1678 853 lege

203 860 256 908 in
276 829 569 909 Britanniam
596 879 732 927 1n1g1
721 879 769 906 ”n
774 873 886 919 unt
927 858 1056 906 unde
1081 877 1180 906 non
1186 826 1331 905 Dfacta
1358 856 1478 905 mihi
1512 875 1680 905 eotum

203 930 356 994 copia
428 930 613 996 Magna
604 948 651 974 n
684 947 797 976 veto
829 896 1079 976 utilitatem
1108 926 1247 973 nobis
1276 926 1502 991 praebuit
1521 924 1681 973 Gorli-

203 998 365 1045 tiensis
398 998 576 1046 codicis
611 1011 657 1044 et
685 997 830 1044 trium
852 997 1248 1062 Augustanornm
1281 995 1498 1058 collatio,
1534 1011 1679 1060 quam

202 1066 558 1115 SCHMEDERUS
606 1064 777 1126 edidit,
828 1079 875 1112 et
906 1065 1078 1130 partim
1114 1064 1255 1112 etiam
1284 1064 1332 1111 in
1368 1082 1507 1111 usum
1538 1080 1677 1110 snum

202 1137 467 1196 convertit,
505 1140 641 1198 eujus
669 1103 866 1199 quidem
888 1132 1137 1193 historiam
1167 1132 1269 1196 ipse
1310 1132 1547 1197 praemisit
1580 1131 1678 1178 edi-

202 1205 346 1253 tionis
371 1222 482 1252 suae
507 1205 726 1253 Laciani
753 1204 911 1251 Tomo
933 1203 993 1250 II.
1023 1201 1075 1248 in
1100 1201 1419 1249 Praefatione.
1490 1200 1572 1248 Ad
1595 1199 1678 1246 has

202 1273 430 1331 codicum
450 1272 887 1334 manuscriptorum
910 1270 1187 1318 collationes
1211 1269 1408 1316 accessit
1436 1269 1575 1317 nohis
1598 1287 1679 1316 ve-

201 1354 361 1388 terum
401 1342 740 1387 nonnullarum
788 1338 1055 1390 editionum
1085 1354 1222 1384 usus:
1270 1337 1321 1383 in
1358 1337 1434 1385 his
1467 1337 1678 1402 primum

199 1408 405 1458 Aldinae
434 1414 475 1459 1.
496 1408 608 1456 anni
633 1410 777 1458 1503.
799 1425 942 1471 qnam
964 1405 1132 1471 largita
1153 1419 1222 1453 est
1243 1404 1674 1470 bibliothecaLips.

199 1478 474 1538 senatoria,
523 1480 659 1539 cujus
693 1490 854 1523 tamen
889 1475 1043 1523 variae
1083 1474 1317 1522 lectiones
1353 1478 1448 1537 jam
1478 1494 1504 1522 a
1535 1478 1582 1524 J.
1614 1477 1678 1522 F.

198 1547 414 1596 Rmmo
452 1545 561 1594 satis
601 1544 857 1610 diligenter
902 1558 1092 1592 notatae
1135 1555 1270 1603 sunt3
1329 1543 1507 1591 deinde
1537 1541 1678 1591 Aldj4

199 1634 288 1663 nae
309 1622 354 1666 2.
391 1616 503 1663 anni
528 1618 671 1665 1522.
691 1651 703 1674 ,
737 1632 882 1677 quam
905 1630 961 1659 ex
981 1632 1057 1673 ea,
1087 1629 1208 1678 quae
1229 1611 1520 1660 SCHAEFERI
1540 1611 1676 1672 olim,

198 1703 332 1731 nunc
362 1702 451 1749 per
481 1683 858 1731 munificentiam
891 1681 1036 1749 Regis
1064 1679 1350 1729 Academiae
1380 1681 1557 1746 patriae
1591 1693 1678 1742 est,

197 1751 519 1813 bibliotheca,
557 1753 907 1799 commodatam
940 1750 1116 1815 accepi.
1190 1749 1327 1806 Quae
1362 1749 1498 1816 quod
1527 1749 1677 1815 vulgo

198 1822 439 1881 creditur,
492 1822 621 1868 etin
665 1836 869 1866 recensu
913 1837 1112 1885 quoque
1144 1817 1414 1866 editionum
1457 1818 1678 1867 LchANt

196 1889 324 1937 infra
348 1890 535 1953 adjecto
561 1889 734 1937 dieitur
748 1891 1055 1936 emendatior
1068 1889 1254 1951 priori,
1289 1887 1343 1934 id
1363 1906 1420 1936 eo
1443 1887 1588 1935 velim
1606 1903 1679 1934 re-

199 1959 384 2024 stringi,
396 1972 449 2005 nt
464 1959 522 2005 ad
534 1959 768 2005 lectiones
783 1956 1009 2022 quasdam
1023 1956 1185 2016 varias,
1201 1973 1375 2021 easque
1388 1956 1677 2021 plerumque

197 2028 567 2091 praestantiores
589 2042 635 2074 et
659 2046 684 2073 (-
691 2045 771 2072 um
782 2029 1020 2074 Jemtinae
1038 2024 1231 2072 serioris
1251 2024 1540 2073 lectionibus
1560 2042 1677 2073 con-

199 2097 435 2160 spiiantes
468 2096 883 2171 refetatu1,·quas
928 2097 1060 2142 ALDI
1096 2112 1291 2154 manus,
1330 2094 1445 2141 dum
1477 2094 1676 2157 viveret,

198 2165 462 2229 exemplari
492 2183 579 2212 suo
608 2163 782 2229 Ριίοιίε
820 2163 1152 2226 adsciipserat,
1187 2161 1292 2225 ipso
1321 2180 1435 2210 veio
1463 2181 1510 2208 m
1513 2176 1672 2224 ortuo,

198 2237 493 2284 Franciscus
536 2233 674 2280 Asm.
679 2248 833 2291 mus,
888 2230 1080 2278 altenius
1118 2229 1300 2290 editor,
1344 2231 1479 2279 bono
1515 2231 1674 2278 consi-

196 2301 263 2349 lio
299 2303 507 2365 recepit,
556 2314 609 2347 ut
637 2299 718 2348 hic
754 2299 854 2363 ipse
885 2300 937 2345 in
967 2298 1100 2346 brevi
1127 2298 1428 2347 Praefatione
1458 2312 1670 2348 testatur.

196 2370 424 2418 Ceterum
452 2370 693 2434 posterior
724 2370 916 2416 Aldina
957 2368 1065 2416 vitia
1105 2365 1276 2428 habet,
1324 2367 1499 2432 quibus
1535 2368 1673 2432 prior

196 2452 355 2498 caret,
391 2440 539 2486 multa
570 2452 617 2485 et
637 2436 804 2497 foeda,
833 2436 1082 2485 maximam
1105 2449 1290 2500 partem
1311 2437 1670 2503 typographica,

197 2524 320 2572 quae
351 2505 485 2553 haud
517 2506 614 2554 seio
641 2525 701 2552 an
738 2504 1086 2573 diligentissimi
1104 2505 1233 2552 ALm
1268 2522 1430 2552 manes
1463 2507 1671 2573 graviter

199 2573 508 2623 offenderint.
592 2575 740 2633 Quod
771 2593 832 2622 ne
864 2588 1042 2621 temere
1080 2578 1273 2637 jactasse
1304 2573 1498 2636 videar,
1546 2594 1669 2623 non-

198 2644 332 2691 nulla
370 2658 502 2690 certe
537 2644 748 2707 exempla
780 2662 806 2693 e
837 2642 1027 2693 duobus
1065 2655 1251 2692 tantum
1283 2642 1501 2693 Lucum
1536 2644 1671 2694 libris

200 2711 446 2778 depromta
468 2713 691 2761 enotabo:
