1778 3194
509 251 596 283 IN
674 250 1165 283 N1GR1NUM.
1469 242 1569 291 299

106 364 206 402 quoe
222 348 394 391 reddidit
403 353 597 406 interpr-cs.
631 351 713 404 Ego
739 349 892 405 quidem
919 352 1093 389 veritatis
1111 367 1202 390 snae
1214 350 1400 391 damnum
1420 369 1568 407 capere,

105 405 205 444 idem
222 419 339 460 puto,
372 425 421 448 ac
440 409 548 448 bonis
575 412 710 454 avitis,
743 418 811 446 aut
826 410 934 460 justa
958 406 1166 446 hereditate
1188 411 1357 461 privari,
1391 426 1488 464 quae
1508 411 1572 449 le·-

100 478 149 514 ge
178 463 348 513 obvenit,
381 477 415 504 ct
430 469 518 519 jure
539 465 708 519 quodam
739 475 901 503 naturae
929 463 1060 502 liberis
1090 463 1270 518 defertur.
1332 466 1441 504 Tum
1474 480 1571 518 pro-

105 519 199 569 bat,
239 517 388 572 ἀληθὲς
419 537 496 575 pro
531 523 695 571 δικαίῳ,
734 536 863 559 verum
902 534 977 569 pro
1014 522 1122 572 justo
1167 522 1298 572 poni:
1339 521 1492 574 quibus
1519 538 1572 561 au

106 574 211 626 quid
250 578 489 632 excogitari
519 578 728 630 potuisset
755 575 1001 624 absurdius,
1045 575 1241 628 equidem
1287 579 1458 617 nescio:
1500 579 1574 619 sed

111 630 318 671 Gutherius
337 634 546 673 erroribus
566 633 824 687 gravissimis
848 631 1062 671 obnoxius
1081 635 1342 687 plerumque,
1371 644 1413 673 et
1434 645 1571 683 caute,

105 686 142 724 si
167 688 403 741 quisquam,
436 689 660 744 legendus,
691 689 803 727 nihil
823 698 884 727 est
906 702 1088 737 caussae,
1127 703 1200 727 cur
1222 703 1299 727 nos
1319 704 1574 745 magnopere

105 754 306 784 moretur.
365 747 571 797 Blajorem
598 755 779 796 utroque
798 747 925 798 longe
944 747 1078 797 major
1097 746 1233 783 lucem
1250 746 1396 783 attulit
1414 746 1454 784 Is
1484 746 1571 786 Ca-

103 799 324 850 sanbonus,
359 802 410 839 ad
435 802 613 839 Suetonii
643 802 747 854 Aug.
778 810 955 840 notans:
1016 801 1288 840 Romanorum
1315 818 1398 841 mos
1415 802 1507 854 fimf!
1534 806 1574 842 ire

103 859 340 894 testamentis
367 860 567 909 increpare
594 856 715 906 alios,
747 854 977 896 melecliccre
1002 857 1118 905 aliis,
1150 867 1186 894 ct
1215 856 1378 895 liberam
1406 859 1453 897 de
1479 862 1577 912 qni-

102 909 324 965 &uscunque
340 912 479 951 vellent
495 928 625 952 vocem
646 913 778 952 eslere:
810 913 895 951 ideo
920 913 1075 951 (licebat
1096 913 1285 965 Nigrinus-
1304 915 1412 967 apml
1428 915 1576 953 Lucia-

100 982 215 1016 mzm,
250 971 368 1009 Μίαν
391 986 436 1019 φ.
461 979 541 1009 etc.
561 984 613 1008 ex
632 969 809 1023 quibuS,
844 970 983 1008 virum
1003 983 1201 1021 magnum
1224 969 1332 1006 illud
1354 965 1577 1012 ἀπολαύειν

101 1035 190 1059 non
213 1024 333 1063 aliter
362 1039 408 1062 ac
438 1025 661 1064 BrocIaeum
701 1025 909 1077 accepisse
938 1038 1016 1077 pro
1049 1024 1367 1064 incommodum
1397 1037 1471 1066 aut
1499 1027 1578 1066 de-

102 1079 348 1118 trimentum
370 1083 485 1134 pati,
517 1096 604 1120 non
631 1082 805 1122 obscure
830 1082 1064 1135 colligitur.
1098 1082 1270 1120 Frustra
1297 1096 1574 1133 consensum,

101 1143 150 1171 ut
179 1145 293 1175 recte
326 1148 520 1176 notatum
553 1138 771 1187 Gronovio,
813 1140 944 1190 jactat
977 1136 1278 1189 Rom-slelotius,
1321 1140 1396 1190 qui
1428 1139 1575 1179 nescio

103 1204 227 1242 quam
245 1193 585 1234 observationem
609 1211 661 1233 ex
678 1198 788 1234 lecto
824 1194 1021 1232 Torrcntii
1042 1191 1093 1230 ad
1116 1192 1296 1232 eundem
1317 1195 1496 1235 Suetonii
1512 1199 1577 1235 lo-

102 1259 196 1283 cum
224 1250 526 1288 commentario
551 1251 777 1298 conflavit,
811 1263 934 1301 quam
957 1263 1107 1288 vereor
1128 1248 1276 1297 valde,
1309 1261 1356 1289 ut
1388 1252 1478 1304 ipse
1513 1266 1575 1289 sa-

102 1301 160 1338 tis
195 1304 470 1345 intellexerit.
530 1306 718 1345 Tandem
741 1304 919 1343 mirifica
944 1304 1145 1358 quaedam
1168 1315 1229 1344 est
1252 1307 1415 1355 oratio,
1449 1322 1577 1361 quam

104 1356 325 1399 Gronovius
342 1361 533 1403 confixit.
565 1363 760 1411 Romani,
793 1370 876 1399 tota
905 1365 987 1399 vila
1005 1377 1092 1400 cum
1113 1360 1292 1400 simula-lc
1311 1367 1471 1415 egerint,
1503 1379 1580 1402 ve—

102 1428 187 1451 ram
209 1432 325 1454 unam
352 1433 483 1456 vocem
501 1418 620 1457 edunt
639 1423 681 1458 in
698 1420 955 1465 iesiamemis,
987 1434 1033 1455 ne
1060 1433 1113 1457 cat·
1136 1417 1211 1455 hac
1229 1434 1301 1456 sua
1319 1422 1478 1458 veritate
1495 1435 1575 1458 vo·-

100 1468 291 1522 Zupiaiem
312 1477 493 1525 capiant,
526 1491 616 1512 neve
635 1487 725 1528 post
759 1489 844 1510 eam
864 1476 1036 1512 veritatis
1054 1472 1116 1511 vel
1146 1477 1283 1512 mentis
1301 1491 1395 1513 snae
1414 1478 1578 1515 verissi-

99 1540 205 1564 mam
220 1529 499 1583 professionem
524 1529 666 1569 laetari
678 1531 830 1583 possint
850 1529 1022 1583 cofacio
1039 1538 1117 1569 etc.
1142 1534 1263 1579 (post
1282 1541 1458 1569 mortem
1481 1532 1574 1584 opi·

102 1585 210 1631 nor)
234 1588 397 1636 qualem
422 1586 675 1624 sententiam
698 1586 747 1624 ab
773 1584 962 1633 homine,
994 1585 1096 1637 qui,
1130 1584 1231 1638 quid
1251 1586 1422 1638 scribat,
1455 1588 1577 1642 cogi-

100 1646 164 1676 tet
181 1670 192 1687 ‚
226 1639 380 1678 nedum
407 1655 427 1679 a
448 1642 632 1681 Luciano
652 1642 842 1694 potuisse
867 1639 1104 1693 proficisci,
1137 1654 1216 1693 ego
1240 1641 1348 1680 mihi
1368 1657 1455 1682 non
1479 1658 1578 1697 per-

102 1694 273 1738 suadeo.
306 1696 371 1735 Ad
399 1712 463 1736 me
481 1698 596 1751 quod
618 1699 797 1745 attinet,
830 1696 868 1734 si
888 1711 985 1735 vera
1007 1706 1092 1743 est,
1125 1711 1248 1751 quam
1269 1699 1415 1737 cuncti
1438 1699 1577 1740 Codd.

101 1760 301 1799 tuentur,
333 1763 501 1806 recepta
531 1755 683 1803 lectio,
717 1752 811 1801 τούς
842 1750 948 1804 ἀμφὶ
969 1753 1041 1805 τὴν
1059 1751 1226 1794 νεκυῖάν
1251 1772 1290 1796 τε
1309 1756 1376 1795 καὶ
1392 1754 1464 1805 τὰς
1483 1760 1580 1798 δια-

100 1805 234 1859 θήκας
252 1811 587 1862 καλινδουμένους
606 1820 845 1862 captatores
866 1809 1062 1863 intelligo
1075 1818 1158 1847 tam
1179 1811 1365 1863 graviter
1386 1826 1408 1849 a
1429 1813 1578 1852 Lucia-

102 1879 155 1902 no
187 1867 431 1916 praesertim
454 1866 695 1920 exagitatos
710 1893 721 1910 ‚
753 1879 936 1917 quorum
961 1879 1061 1903 sane
1083 1866 1274 1904 studium
1297 1881 1420 1906 omne
1441 1868 1486 1906 in
1508 1869 1577 1906 fu·

102 1932 250 1957 nerum
272 1921 397 1973 justis
422 1931 463 1961 et
488 1931 838 1960 testamentorum
872 1919 1025 1957 tabulis
1057 1921 1317 1962 versabatur.
1390 1923 1460 1965 ,De
1489 1924 1573 1963 isto

102 1975 405 2015 insidiatorum
427 1991 578 2031 genere
607 1992 699 2015 cum
732 1985 872 2030 ageret
902 1975 1138 2028 Nigrinus,
1171 1976 1255 2016 hoc
1281 1978 1385 2030 quin
1407 1978 1580 2018 adderet

103 2031 303 2085 insuper,
336 2034 563 2085 praeterire
583 2047 669 2071 non
691 2032 835 2085 potuit
849 2062 859 2081 ,
893 2046 1018 2069 unam
1038 2032 1254 2071 Romanos
1278 2042 1368 2072 tota
1389 2036 1477 2074 vita
1497 2050 1578 2076 ve·-

102 2101 192 2125 ram
217 2102 362 2127 vocem
385 2089 600 2138 emittere,
638 2088 756 2144 (tum
780 2087 1001 2136 nimirum,
1037 2087 1208 2140 quando
1244 2091 1382 2128 corvis
1415 2090 1577 2130 hianti·

104 2140 184 2181 bus
209 2142 366 2182 delusis
390 2159 466 2197 pro
490 2144 726 2184 hereditate
745 2154 908 2195 sperata
927 2144 1071 2181 restim
1094 2159 1186 2182 cum
1206 2143 1468 2199 dignissimis
1490 2149 1578 2186 elo-

106 2199 189 2252 giis
210 2200 481 2255 relinquunt)
501 2216 624 2254 quam
646 2200 878 2239 nonlibere
900 2199 1073 2253 quidem
1095 2210 1137 2239 et
1161 2203 1297 2253 palam
1311 2212 1576 2255 expromant‚

106 2254 178 2293 sed
196 2254 381 2295 abditam
392 2257 565 2296 ultimae
584 2257 819 2296 voluntatis
835 2256 1082 2295 testimonio
1097 2257 1353 2311 consignent
1366 2275 1378 2299 .·
1410 2273 1484 2298 cur
1495 2258 1579 2298 hoo

106 2310 275 2349 autem?
308 2326 359 2352 ne
378 2313 544 2352 scilicet
564 2328 616 2352 ex
637 2314 793 2366 apertis
816 2312 947 2351 animi
968 2313 1078 2351 veris
1096 2313 1309 2362 sensibus,
1343 2328 1450 2367 quos
1467 2328 1580 2354 com·

107 2365 225 2405 modi
253 2381 398 2406 caussa
428 2368 691 2408 dissimulare
719 2369 1001 2424 cogebantur,
1034 2383 1231 2423 magnum
1255 2369 1306 2408 ad
1327 2384 1399 2409 eos
1422 2374 1578 2410 malum

105 2422 385 2463 redundaret:
417 2439 514 2463 nam
543 2425 813 2479 heredipetae
834 2439 921 2464 non
961 2438 1106 2463 omnes
1137 2425 1235 2464 vilis
1262 2425 1465 2479 quaedam
1487 2426 1580 2466 ho·-

105 2480 269 2517 minum
308 2480 428 2529 faex,
481 2481 555 2520 sed
589 2482 858 2534 potentiores
901 2495 1072 2534 quoque
1110 2480 1153 2519 in
1186 2481 1430 2535 principum
1466 2483 1577 2522 aulis

110 2535 315 2589 gratiosi,
351 2538 447 2590 qui,
482 2537 518 2575 si
546 2551 643 2576 vera
664 2552 830 2587 eorum,
865 2551 1046 2590 quorum
1086 2536 1212 2575 bonis
1243 2536 1491 2589 inhiabant,
1526 2537 1578 2579 de

109 2604 153 2629 se
183 2591 346 2643 judicia
377 2594 558 2642 scirent,
592 2607 668 2646 pro
691 2593 979 2632 blandissimis
1004 2591 1345 2632 adsentatoribus
1378 2595 1575 2634 inimicos

108 2660 152 2685 se
172 2658 362 2700 gererent
386 2649 590 2689 infestos:
623 2659 709 2688 erat
739 2650 872 2704 igitur
892 2663 1036 2687 caussa
1060 2649 1163 2687 satis
1184 2652 1310 2702 justa,
1337 2665 1463 2705 quare
1502 2667 1575 2706 pa·

111 2703 382 2742 refactionem
416 2706 578 2756 arcani,
612 2706 670 2755 si,
705 2705 801 2744 dum
843 2707 886 2743 in
922 2705 1034 2742 vivis
1082 2715 1226 2755 erant,
1270 2706 1315 2744 in
1359 2708 1577 2759 publicum

109 2755 321 2811 efflueret,
353 2760 569 2816 damnosi,
601 2772 700 2817 post
719 2771 896 2803 mortem
917 2759 1191 2800 differendam
1209 2772 1423 2817 putarent.
1474 2765 1575 2806 Mo-
