1778 3194
233 242 336 291 260
592 249 1351 284 ADNOTATIONES

234 356 415 396 Hmisr.
475 352 527 391 In
551 351 706 391 talibus
726 351 941 391 mutandis
965 366 1116 406 magna
1145 366 1239 390 cum
1262 350 1463 392 cautione
1491 365 1539 392 ac
1567 351 1711 393 mode.

235 412 316 450 stia
337 408 587 449 versandum
611 423 711 456 esse,
729 408 894 448 erudite
916 418 956 448 et
978 407 1207 461 prudenter
1224 419 1528 462 praeceperunt
1538 409 1709 451 Dorvill.

236 467 289 506 ad
322 467 470 506 clun-21.
493 480 534 518 p.
557 471 650 510 271.
669 465 790 519 Lips.
814 475 856 505 et
878 464 1047 505 Lobeck.
1073 463 1125 502 ad
1148 464 1354 520 thyniclz.
1378 480 1420 518 p.
1440 470 1507 509 43.
1570 467 1710 506 Incre-

236 523 371 561 dibile
395 537 527 575 paene
548 532 632 571 est,
666 532 870 575 quantum
899 522 973 560 hic
1005 521 1205 560 saevierit
1229 520 1442 561 editorum
1465 522 1710 573 arbitrium,

236 589 428 634 quotque
451 581 545 617 loca
565 580 625 617 ita
648 579 735 617 siut
769 578 1009 642 depravata.
1070 578 1149 617 Per
1179 591 1222 616 se
1254 577 1427 631 quidem
1457 588 1615 618 certum
1649 588 1715 619 est

237 650 286 675 ac
316 634 501 674 manebit
528 645 714 686 certum,
746 635 1032 690 cogitationes
1065 643 1206 673 motus
1233 634 1278 673 in
1306 638 1472 682 locum,
1507 645 1549 674 et
1578 643 1715 674 status

235 692 283 731 in
301 695 424 741 loco,
445 701 594 730 natura
616 707 691 730 sua
714 691 1020 731 diversissimas
1042 705 1153 740 esse,
1179 689 1310 744 idque
1336 690 1563 731 discrimen
1583 693 1715 733 etiam

236 764 262 789 a
284 749 497 788 veteribus
517 758 557 788 et
580 749 770 803 agnitum
794 758 919 799 recte,
955 758 996 787 et
1016 756 1261 787 constanter
1284 747 1576 796 observatum,
1609 747 1714 786 fuis-

235 819 293 847 se..
355 804 653 843 Nihilominus
688 805 814 844 facile
839 805 1071 853 falluntur,
1107 804 1182 857 qui
1209 804 1392 856 speciem
1416 818 1494 856 pro
1525 819 1569 843 re
1601 803 1714 842 arri-

235 862 426 916 pientes,
471 861 514 899 in
558 861 743 900 animum
775 860 1008 913 inducunt,
1041 861 1102 898 ibi
1134 870 1177 899 et
1203 870 1366 901 veteres
1392 860 1475 899 sibi
1504 859 1716 914 cogitasse

238 928 403 957 motum
440 921 509 955 vel
548 927 724 966 statum,
758 917 832 954 ubi
862 918 945 970 ipsi
976 919 1180 971 cogitent.
1241 917 1312 955 Sic
1346 917 1533 966 factum,
1565 926 1615 955 ut
1644 918 1716 956 vel

236 981 394 1014 temere
422 977 515 1012 loca
540 972 933 1023 emendationibus,
968 988 1072 1027 quas
1101 974 1265 1013 scilicet
1297 972 1467 1023 dicunt,
1508 973 1716 1013 vitiaren-

237 1040 332 1079 tur,
366 1032 434 1070 vel
453 1044 565 1068 nova
585 1032 709 1082 plane
733 1044 779 1068 ac
803 1031 907 1068 mira
930 1029 981 1069 de
1013 1046 1092 1068 usu
1113 1039 1154 1069 et
1171 1030 1215 1069 vi
1242 1028 1507 1083 quorundam
1528 1028 1716 1068 vocabu-

235 1090 302 1126 lor
308 1101 379 1123 um
407 1096 629 1139 praecepta
663 1085 898 1127 ederentur
960 1086 1084 1124 Illius
1114 1087 1299 1155 generis
1308 1095 1393 1136 est,
1428 1084 1546 1139 quod
1577 1085 1715 1128 Dian.

235 1142 556 1191 Deo12V111,2
569 1156 646 1194 pro
667 1143 793 1181 unice
815 1152 927 1181 recta
947 1140 1177 1181 lectione
1153 1141 1234 1184 υπὸ
1256 1140 1329 1194 τὴν
1347 1142 1522 1196 μήνιγγα
1542 1141 1718 1182 Schmie-

237 1199 307 1238 der
301 1216 352 1237 us
372 1213 423 1237 ex
444 1198 539 1239 cod.
570 1198 716 1252 aliquo
739 1199 834 1238 Par.
855 1208 1044 1251 apertum
1065 1199 1218 1238 vitium
1242 1195 1322 1240 ὑπὸ
1341 1214 1388 1253 τη
1405 1215 1524 1251 μηνι)
1528 1216 1567 1251 γι
1589 1198 1718 1236 intu-

235 1256 303 1296 lit.-
362 1255 458 1293 Alia
480 1255 566 1293 suis
588 1256 710 1296 locis
741 1254 810 1292 Ad
832 1255 915 1293 hoc
936 1270 1066 1309 genus
1091 1255 1300 1307 pertinet,
1332 1255 1447 1307 quod
1467 1253 1718 1303 Kuinoelius,

237 1311 433 1364 alioquin
460 1312 560 1349 satis
584 1311 745 1364 peritus
777 1313 982 1350 sermonis
1012 1312 1119 1349 sacri
1148 1312 1380 1364 interpreS,
1414 1312 1555 1349 minus
1573 1319 1718 1349 tamen

234 1367 456 1406 subtiliter
473 1369 627 1421 passim
651 1368 695 1405 in
720 1368 1048 1407 Commentariis
1070 1367 1156 1406 suis
1183 1368 1229 1406 in
1249 1367 1382 1406 libros
1401 1368 1458 1408 N.
1489 1368 1540 1407 T.
1574 1365 1716 1405 obser-

234 1434 332 1473 vat,
367 1426 421 1472 εἰς
437 1434 480 1463 et
499 1426 540 1466 ἐν
559 1438 683 1477 saepe
715 1424 960 1478 promiscue
982 1440 1003 1463 a
1033 1425 1161 1463 sacris
1183 1423 1466 1476 scriptoribus
1490 1421 1713 1470 adhiberi;

235 1480 357 1535 quasi
398 1481 679 1519 nescivissent
722 1481 811 1530 illi,
858 1480 963 1534 quid
995 1484 1073 1531 εἰς,
1118 1479 1278 1534 quidve
1311 1481 1375 1528 ἐν,
1412 1493 1486 1532 per
1520 1486 1716 1517 naturam

235 1550 354 1574 suam
376 1537 638 1589 significent.
698 1536 890 1576 Ulterius
910 1536 1021 1575 hanc
1050 1552 1135 1575 rem
1167 1545 1490 1588 persecuturus,
1534 1548 1712 1585 vereor,

234 1606 291 1630 ne
314 1601 433 1630 extra
455 1591 558 1631 fines
577 1607 692 1631 meos
711 1592 873 1632 efferar.
922 1593 1054 1631 Nunc
1072 1601 1236 1631 tantum
1259 1606 1429 1641 moneo,
1461 1597 1533 1633 ποῖ
1551 1600 1593 1630 et
1613 1595 1712 1642 ποῦ’,

234 1657 366 1700 atque
387 1646 494 1686 adeo
516 1665 586 1690 ποι
606 1658 648 1687 et
675 1665 781 1699 που,
816 1662 906 1687 non
938 1663 1034 1687 raro
1059 1658 1316 1688 commutata
1347 1663 1369 1686 a
1389 1647 1576 1686 librariis
1596 1661 1711 1698 esse,

233 1713 284 1741 ut
313 1705 496 1757 Xenoph.
533 1704 692 1779 Cvrop.
724 1705 860 1755 II,4,
889 1709 955 1747 17.
982 1705 1176 1755 KVeislz„
1209 1704 1284 1742 ubi
1316 1718 1392 1758 pro
1424 1705 1540 1746 εἵπου
1571 1701 1716 1757 καιρὰς

233 1761 294 1812 εἴη
318 1759 412 1798 cod.
439 1759 605 1812 Bodlej.
631 1764 753 1802 εἴποι
769 1735 908 1800 habet.
948 1760 1030 1800 Sed
1051 1761 1174 1815 quid,
1207 1770 1255 1798 ut
1276 1775 1298 1799 e
1319 1761 1464 1799 multis
1485 1761 1709 1813 exemplis,

235 1829 344 1869 quae
365 1830 387 1853 a
402 1816 607 1854 Dor-rillio
629 1827 670 1856 et
688 1817 726 1856 1
732 1816 887 1857 ohcckio
907 1816 1182 1865 adferuntur,
1215 1817 1300 1855 duo
1322 1815 1448 1855 modo
1472 1815 1710 1865 adhibeam,

233 1871 358 1939 quid
361 1871 567 1910 faciamus
589 1873 728 1911 verbis
754 1872 843 1911 illis
873 1873 965 1912 Eur
959 1873 1097 1926 'pideis
1118 1874 1244 1913 Herc.
1277 1873 1378 1912 Fur.
1399 1887 1439 1913 v.
1461 1876 1528 1916 74.
1548 1878 1622 1915 ποῖ
1634 1889 1711 1914 πα-

231 1926 307 1981 τὴο
332 1925 405 1969 α’πε
396 1943 469 1969 -στι,
485 1945 582 1991 yvlg,
616 1943 798 1980 quorum
817 1929 862 1967 in
892 1929 1012 1968 libris
1039 1933 1158 1968 nulla
1181 1939 1247 1969 est
1275 1928 1485 1979 variatio,
1517 1943 1714 1983 quaeque

232 1994 324 2022 mut
329 1999 396 2023 are
418 1984 582 2022 nemini
608 1984 766 2024 facile
755 1999 799 2022 m
829 1996 1011 2025 mentem
1041 1986 1231 2027 veneiit.
1224 1985 1244 2014 ¹³
1301 1983 1422 2039 Quid
1442 1985 1579 2024 verbis
1602 1986 1714 2024 Ari-

231 2040 453 2092 stoplzcmeis
471 2041 549 2082 AV
575 2055 613 2082 v.
634 2045 672 2083 9.
697 2040 792 2083 ὅποι
817 2041 890 2097 γῆς
909 2044 1045 2095 ἐσαένς
1079 2043 1251 2081 Scilicet
1273 2040 1378 2083 εἶναι
1397 2051 1440 2081 et
1459 2037 1620 2083 ἀπεῖναι
1643 2041 1713 2080 in-'

232 2098 390 2134 clusam
413 2096 571 2135 hahent
587 2097 809 2137 notionem
833 2108 987 2150 motus,
1001 2102 1342 2148 alterumvcnisse,
1359 2100 1533 2137 alterum
1552 2098 1708 2136 abiisse.

233 2151 352 2205 Quid
373 2152 519 2202 igitur,
536 2152 569 2190 si
593 2154 720 2192 etiam
739 2153 821 2196 h.1
837 2155 883 2192 in
907 2155 1046 2194 verbis
1067 2160 1139 2208 τῆς
1161 2153 1315 2207 σκηνῆς
1329 2151 1467 2205 πόρ’ῥω
1485 2170 1557 2195 ποι
1575 2150 1708 2205 κάθη-

230 2224 308 2257 ται,
324 2222 413 2247 non
434 2208 688 2272 simpliciter
711 2209 968 2263 cogitemus:
998 2211 1102 2250 sedet
1120 2211 1270 2250 alicubi
1280 2209 1424 2263 procul
1439 2226 1465 2248 a
1483 2225 1612 2257 scena,
1628 2209 1709 2249 ubi

229 2265 379 2318 utique
419 2265 633 2317 posuisset
671 2266 878 2305 Lucianus
906 2284 1010 2318 που,
1046 2267 1117 2307 sed
1151 2269 1399 2320 expleamus
1427 2274 1566 2306 mente
1593 2265 1715 2304 hano

228 2320 319 2359 fere
342 2321 620 2360 sententiam:
649 2333 766 2374 poeta
786 2324 825 2360 in
845 2323 975 2362 locum
990 2323 1137 2376 procul
1162 2339 1187 2361 a
1205 2338 1322 2362 scena
1342 2333 1529 2362 remotum
1550 2321 1706 2362 disces-

226 2377 300 2423 sit,
333 2387 368 2414 et
387 2376 476 2416 ibi
456 2394 543 2431 chm
563 2377 689 2426 sedet;
722 2391 766 2416 er
784 2378 886 2416 sitzt
909 2379 1080 2418 fernhin
1104 2392 1189 2418 von
1214 2379 1287 2418 der
1307 2377 1494 2417 Biihne?
1544 2378 1704 2418 Verum

227 2430 344 2470 nihil
367 2431 419 2471 de
439 2433 523 2473 hoc
545 2409 714 2486 quidein
743 2436 840 2473 loco
872 2433 1096 2475 decernere
1114 2438 1228 2475 volo.
1264 2435 1371 2476 Guil.
1400 2434 1582 2488 Langius
1604 2434 1704 2472 suf-

227 2486 419 2541 fragatus
442 2489 737 2530 Hemsterhusio
762 2491 1201 2544 c01rigenti.L1;nM.

339 2543 444 2583 Edcl·
475 2549 503 2587 1.
527 2552 566 2589 2
587 2543 743 2599 Ημῖν)
775 2547 844 2585 Sic
862 2549 1022 2600 optime
1043 2548 1106 2588 ed
1128 2549 1166 2588 J.
1191 2556 1234 2588 et
1254 2547 1304 2588 B.
1324 2552 1364 2591 2.
1381 2546 1590 2602 Reliquae
1612 2561 1701 2586 om-

223 2608 299 2637 nes
320 2599 564 2641 mendose
541 2609 659 2655 υμῖν,
694 2617 774 2656 qua
796 2603 841 2640 in
866 2618 969 2643 voce
998 2605 1239 2659 saepissime
1266 2616 1466 2657 peccatur
1497 2603 1548 2642 ab
1577 2603 1701 2643 osci-

223 2655 416 2694 tantibus
435 2643 620 2697 librariis
653 2659 857 2712 opeiisve.
889 2660 1059 2701 Soram
1121 2662 1265 2700 Etiam
1294 2663 1340 2700 in
1361 2661 1413 2700 A.
1434 2663 1478 2704 2.
1501 2668 1564 2699 est
1583 2656 1696 2714 ημῖν.

220 2706 380 2750 LEHM.

332 2766 435 2808 Eud.
466 2772 494 2810 1.
516 2775 554 2815 4,
588 2773 758 2824 ΗΙέλον)
797 2772 922 2814 Curae
955 2786 1023 2823 est,
1054 2775 1199 2817 Bnon.
1258 2774 1438 2815 Potius:
1469 2786 1699 2834 quum-cu-l
