1778 3194
471 289 556 320 IN
626 288 1060 323 ΤῙΜΟΝΕΜ.
1228 310 1230 313 ψ
1397 274 1497 323 365

0 393 3 431 ἶ
35 386 109 431 κᾶν
128 384 365 443 φάρμακον,
386 397 427 428 et
444 402 636 427 somnum
661 385 888 436 inducere,
920 395 1069 425 notum
1091 397 1152 427 est
1169 390 1314 443 vulgo
1345 388 1497 428 PALM.

0 434 4 483 l
34 444 205 486 Viderit
220 445 435 485 Fulmen-ius
456 446 498 483 in
525 445 698 483 Erasmo
715 447 902 496 lapsum3
928 442 997 482 sed
1023 458 1075 481 an
1097 459 1180 483 non
1202 453 1357 497 majore
1376 445 1498 499 igno-

0 501 4 547 ἢ
34 501 174 540 tantia
195 502 286 554 ipse
306 503 480 554 corrigit
500 497 610 543 eiad?
671 501 737 539 An
759 514 846 538 non
865 497 1062 539 millies
1039 499 1117 542 υπὸ
1140 500 1252 553 apud
1272 502 1498 542 Lucianum

33 567 157 596 notat
187 572 372 597 caussam
401 556 675 598 efficientem:
717 566 848 610 utque
877 556 989 594 idem
1016 556 1070 594 sit
1104 571 1276 610 prorsus
1319 561 1498 597 voculae

34 610 114 656 ἄπο
103 611 152 653 Ῥ
184 615 311 653 vertit
332 628 430 653 saue
448 614 634 654 Erasmus
653 614 722 653 sub
747 612 1037 666 mandragora:
1069 627 1121 651 an
1145 612 1243 652 ideo
1264 614 1337 653 ille
1357 613 1497 667 adspi-

5 682 6 716 ξ
36 669 212 709 ciendus
234 681 321 709 erat
345 671 665 709 transformator
686 670 837 709 herbae
859 671 903 708 in
924 669 1128 719 arborem,
1144 684 1250 724 quae
1283 668 1500 709 dormien-

5 721 6 727 ’
36 726 148 765 tibus
174 727 357 765 umbram
384 726 575 766 faceret?
606 726 687 766 Sed
711 727 866 779 opinor
884 725 1095 764 scribebat
1116 725 1276 764 nobilis
1301 726 1372 765 isse
1396 726 1500 765 Gal-

6 794 7 797 ’
33 785 99 821 lus
122 782 247 833 haec,
281 792 373 821 cnm
394 797 532 822 comes
552 782 727 822 Luciam·
747 783 861 822 venit
891 781 943 820 ad
969 780 1265 851 'Aksgcrotiovog
1286 781 1404 850 ἱερὸν,
1436 782 1501 820 vi-

6 839 7 843 ’
36 837 187 892 ditque
219 840 310 878 illic
339 838 436 892 ’ὕλην
464 837 755 892 ἆνεστηκυίαν,
796 839 847 892 ἦς
877 840 1022 894 δένδρα
1051 840 1103 892 ἠν
1136 837 1319 892 μήκωνες
1346 836 1502 891 ὑψηλαὶ

34 895 105 936 καὶ
125 893 396 959 μανδραγόραι
417 895 461 933 in
481 895 588 934 lib1o
612 897 645 934 I.
678 897 811 935 Verae
834 895 981 936 histor.
1012 905 1053 934 et
1072 906 1156 934 tam
1184 909 1281 935 vere
1312 909 1426 933 nunc
1454 895 1502 933 in

35 952 211 990 Erasmo
242 952 303 990 sic
332 951 567 990 divinando
598 952 798 1006 conjicit,
831 967 877 990 ac
900 951 989 1002 illi,
1024 952 1098 1005 qui
1133 952 1359 991 vaticinari
1390 954 1503 991 sole·-

35 1006 139 1045 bant
166 1017 357 1047 tenentes
384 1022 428 1047 os
450 1008 669 1057 animalis,
705 1007 819 1063 quod
840 1007 1019 1061 adligari
1045 1008 1224 1048 debebat
1242 1008 1296 1047 ad
1319 1008 1503 1047 radicem

35 1062 357 1128 mandragorae,
391 1064 435 1102 in
456 1079 536 1118 qua
558 1064 887 1104 similitudinem
909 1064 1178 1103 somniabant
1211 1065 1400 1117 corporis
1424 1064 1504 1103 hu-

35 1119 163 1157 mani.
233 1119 302 1157 Sic
330 1121 463 1174 igitur
498 1131 540 1159 et
578 1136 671 1159 cum
703 1121 778 1160 sub
814 1135 970 1159 corona
1003 1120 1131 1160 vendi
1159 1122 1342 1174 aliquem
1374 1121 1501 1169 dicet,

36 1174 230 1214 credetur
262 1176 492 1228 interprete
522 1177 717 1216 Palmerio
746 1193 799 1216 ex
828 1187 955 1216 coetu
986 1177 1170 1216 militum
1202 1178 1504 1216 circumstante

37 1234 101 1269 ve]
126 1240 237 1270 serto
260 1231 399 1271 facere
419 1232 632 1283 arborem3
662 1243 704 1272 et
731 1233 966 1287 speciosius
986 1249 1076 1275 cum
1098 1237 1208 1273 veles
1241 1233 1399 1272 dicitur
1424 1232 1503 1270 sub

38 1287 170 1325 vitem
193 1288 396 1327 sumicere
414 1287 568 1333 hastas,
600 1299 709 1328 stare
733 1289 1005 1329 censebitur'
994 1305 1038 1328 in
1059 1291 1197 1330 vinea.
1252 1291 1405 1331 Jocosa
1426 1288 1503 1327 ho·

38 1343 200 1381 minum
223 1343 420 1396 ingenia!
453 1359 504 1382 an
526 1345 692 1385 Εναεηιο
710 1360 897 1398 unquam
919 1345 1126 1385 exciderit
1151 1346 1258 1384 illud
1280 1343 1507 1387 ιῗπνωτικόν

38 1416 60 1440 ο
83 1399 381 1454 μανδραγόρας.
375 1400 394 1428 9
418 1400 580 1439 Lenius
601 1401 736 1442 sodes.
762 1403 909 1442 Gnow.
942 1402 1025 1441 Leo
1038 1402 1221 1442 Allaria&
1237 1402 1284 1441 ad
1301 1404 1507 1445 Hexae'm,
1531 1404 1533 1406 ’

37 1454 216 1495 Eustath.
247 1470 342 1509 pag.
364 1461 430 1501 57.
461 1453 539 1499 υπὸ
570 1456 878 1512 μανδραγόρου·
920 1459 1036 1510 quod
1067 1473 1146 1513 ego
1179 1460 1322 1511 potius
1353 1459 1502 1510 probo,

40 1525 134 1549 cum
156 1521 198 1550 et
218 1521 409 1551 vetustae
433 1513 638 1564 quaedam
663 1514 873 1554 editiones
897 1513 941 1552 id
961 1525 1207 1567 agnoscant,
1232 1526 1273 1553 et
1289 1515 1508 1567 Stephanus·

38 1567 294 1607 schediasm.
320 1568 392 1610 lib.
415 1569 491 1609 IV.
525 1583 557 1609 c.
579 1575 619 1618 6.
653 1571 922 1623 comprobet3
957 1571 1121 1608 animus
1153 1570 1202 1608 ad
1226 1571 1413 1609 Palmerii
1433 1585 1506 1609 no-

41 1633 126 1662 tata
151 1638 234 1662 non
257 1635 321 1663 est
344 1624 650 1666 advertendus·
684 1627 768 1665 vim
790 1626 1090 1679 mandragorae
1113 1626 1375 1666 somnificam
1401 1629 1505 1664 mul·

40 1680 95 1718 tis
116 1681 349 1720 illustravit
371 1680 628 1721 eruditionis
660 1697 748 1722 non
770 1682 1030 1736 spernendae
1055 1683 1238 1722 Graecus
1267 1682 1308 1723 d.
1328 1686 1356 1722 l.
1378 1683 1507 1725 Hesi-

17 1753 18 1771 1
43 1737 163 1776 chius.
199 1735 501 1803 Μανδραγόρας
520 1736 626 1786 εἶδος
658 1739 834 1808 βοτάνης
854 1737 1011 1781 οἰνικὸν
1041 1740 1109 1780 καὶ
1131 1736 1340 1781 ’ὖπνωτόν
1371 1740 1507 1777 scribe

18 1811 19 1820 ³
39 1788 288 1835 ὑπνωτικόν·
322 1807 416 1831 nam
436 1794 497 1831 sic
516 1794 642 1834 alibi:
668 1792 949 1844 Τπνωτικόν,
983 1792 1003 1836 ὅ
1021 1794 1324 1863 μανδραγόρας·
1356 1804 1394 1834 et
1417 1795 1489 1833 Sr'
1465 1812 1508 1832 ι-

18 1860 19 1863 ’
42 1845 159 1887 clas
134 1848 357 1896 υπνωτικός
373 1846 537 1915 καρπός·
558 1853 734 1889 alterum
748 1865 810 1890 me
824 1851 1029 1889 sollicitat
1051 1850 1219 1892 οἰνικόν·
1242 1851 1507 1904 nequeenim

43 1908 260 1958 perplacet
278 1903 426 1958 Soping
430 1908 459 1943 ii
482 1908 725 1957 conjectura
759 1905 953 1958 μανικόν·
985 1906 1185 1957 ψυκτικὸν
1216 1906 1505 1959 adprobarem,

43 1961 128 2017 nisi
152 1960 278 1999 nimis
299 1976 320 1999 a
344 1961 480 2000 literis
503 1961 737 2009 recederet,
760 1966 886 2000 talem
912 1962 1023 2000 enim
1048 1962 1348 2018 mandragorae
1370 1972 1510 2014 potes-

43 2026 169 2056 tatem
199 2016 381 2065 Galenus,
411 2016 558 2056 Paulus
575 2018 771 2071 Aegineta
791 2019 948 2072 aliique
968 2017 1214 2072 adsignant,
1248 2032 1384 2071 neque
1409 2032 1510 2057 sane

44 2087 94 2112 eo
118 2073 265 2112 referri
284 2082 436 2125 potest,
461 2072 574 2127 quod
592 2074 695 2113 vino
716 2075 892 2113 mixtum
916 2073 1225 2121 adsumeretur,
1254 2085 1361 2113 teste
1384 2075 1511 2112 Theo-

42 2129 224 2184 phrasto:
257 2129 331 2167 alii
362 2129 670 2181 persanabunt:
701 2130 787 2168 huc
817 2145 903 2183 spe
896 2140 979 2169 ·tat
1010 2131 1153 2169 nobile
1178 2130 1369 2169 Caesaris
1403 2131 1510 2168 faci-

46 2199 149 2234 nuS‚
194 2188 306 2248 quod
330 2185 544 2239 Polyaenus
573 2196 713 2224 narrat
748 2187 926 2240 Strateg.
955 2186 1029 2226 lib.
1054 2188 1086 2224 Υ
1093 2188 1190 2225 [.[Ῐ
1207 2188 1327 2225 illum
1363 2201 1508 2225 omms

48 2239 322 2290 interemisse,
339 2242 411 2295 qui
438 2256 481 2280 se
507 2253 717 2294 ceperant,
736 2246 920 2282 latrones
941 2243 1043 2281 vino
1070 2242 1343 2306 mandragora
1372 2243 1508 2281 mixto

48 2296 279 2335 inebriatos
303 2307 344 2334 et
364 2297 407 2334 in
434 2312 625 2336 somnum
651 2297 863 2351 delapsos:
890 2298 1177 2338 dissentiunt
1167 2314 1210 2336 m
1233 2300 1309 2337 hac
1330 2298 1510 2337 historia

48 2352 275 2399 Suetonius,
308 2353 540 2393 Plutarchus
569 2354 750 2407 aliique,
786 2369 890 2407 quos
922 2355 1008 2394 loci
1047 2370 1132 2394 non
1163 2364 1225 2394 est
1256 2355 1509 2394 examinare.

47 2409 217 2448 Eximie
238 2409 378 2448 Noster
406 2409 500 2450 adv.
526 2409 686 2452 [ndoct
711 2426 750 2464 p.
772 2416 868 2455 554.
890 2410 945 2465 (c,
977 2415 1064 2460 23.)
1093 2413 1170 2452 οἴει
1199 2427 1389 2459 τοςουτον
1409 2427 1511 2464 μαν-

48 2462 246 2533 δραγόραν
277 2464 573 2519 κατακεχύσθαι
593 2462 743 2518 αὐτοῦ,
776 2486 828 2516 ως
849 2472 971 2508 ταῦτα
998 2468 1069 2520 μὲν
1091 2465 1276 2513 ἆκούειν,
1309 2469 1440 2509 ἐκεῖνα
1466 2467 1511 2508 δὲ

49 2538 100 2573 μη
135 2523 300 2571 εἰδέναι,
335 2526 418 2570 οἱος
440 2523 509 2573 μέν
537 2537 610 2563 σου
638 2540 658 2564 0
683 2521 777 2574 μεθ
800 2542 875 2577 ημῖ-
859 2526 952 2576 ’ραν
983 2526 1073 2577 βίος
1091 2535 1169 2562 etc.
1203 2523 1270 2562 secl
1297 2535 1443 2562 taniam
1465 2526 1510 2562 in

48 2592 111 2625 eo,
142 2579 393 2633 cffbmirzate‚
414 2581 557 2631 ingenii
584 2580 818 2631 torpedincm
850 2597 927 2620 esse
944 2591 1081 2634 putas:
1115 2593 1199 2618 non
1233 2579 1356 2618 aliter
1390 2594 1510 2618 usur-

47 2646 168 2685 passe
198 2649 345 2674 censeo
378 2635 689 2673 innominatum
722 2638 948 2676 Auctorem
980 2634 1087 2689 apud
1111 2635 1301 2675 suidam.-
1331 2637 1398 2677 καὶ
1430 2653 1509 2688 φα-

48 2695 171 2730 νεῖται
199 2690 326 2731 πολῦν
355 2689 638 2745 μανδραγόραν
671 2691 933 2741 ἒκπεπωκώς
965 2706 1073 2744 quae
1105 2706 1156 2730 ex
1183 2692 1435 2731 Demosthene
1464 2703 1508 2732 ct

0 2786 2 2791 ,
49 2745 305 2798 Xenophonte
332 2747 381 2785 ab
416 2749 510 2786 aliis
533 2747 736 2798 adducta,
770 2764 856 2789 non
887 2762 1086 2801 recoquo.
1123 2749 1296 2788 ΗΕΜεἹ.
1319 2749 1353 2786 Ι.
1411 2750 1504 2790 Jam

51 2799 127 2839 diu
147 2802 228 2844 hoc
254 2803 300 2844 in
319 2806 416 2845 loco
434 2805 633 2845 intricata
667 2806 893 2861 quaedam,
925 2813 973 2844 ut
1004 2802 1239 2858 putabant,
1274 2803 1500 2843 difficultas
