1778 3194
503 257 1095 292 ῙΝΤῙΜΟΝᾙΜ
1436 247 1536 294 425

63 356 134 399 od.
173 361 237 403 15.
266 358 486 413 Formaque
506 360 643 397 vincas
663 356 798 396 Nirea.
831 356 988 396 Achill.
1013 358 1154 397 Tatius
1174 357 1250 398 lib.
1274 357 1349 397 VI.
1365 371 1408 412 p.
1434 363 1531 403 387.

64 415 152 468 ἐμοὶ
180 415 222 457 δὲ
251 414 343 457 οὐδὲ
335 433 370 457 -ν
399 416 504 469 μέλει.
536 412 714 462 τούτων,
757 415 831 455 εἴετ
860 414 940 455 ἐστὶ
961 431 1029 455 και
1050 413 1216 468 Κόδρου
1239 413 1530 469 εὐγενέστερος,

62 474 139 514 εἴτε
191 475 372 526 Κροίσου
416 469 736 524 πλουσιώτερος·
796 469 999 522 Cecropis
1036 471 1146 509 enim
1188 481 1230 510 et
1273 470 1406 511 Codri
1446 486 1533 510 no-

62 526 275 568 bilitatem
309 528 551 601 proverbiis
595 527 885 566 celebrarunt:
945 537 1203 579 quapropter
1240 527 1422 583 Syneeius
1449 529 1533 582 Ep.

61 591 100 628 3·
141 581 243 639 vnto
276 581 472 640 εὐγενείας
514 582 776 639 ἆμφιςβητεῖν
807 587 864 634 τῷ
895 584 1076 637 Κέκροπι
1108 582 1158 621 de
1190 583 1364 623 homine
1392 588 1534 637 splen.

63 639 166 685 dido
211 656 363 695 genere
405 652 530 681 nato:
592 650 641 679 ut
695 641 741 678 in
796 627 974 681 Ceilzitici
1011 640 1202 679 Encomio
1248 646 1306 696 τῷ
1348 645 1533 695 Βελλερο-

63 695 196 755 φόντῃ
233 697 504 752 σωφροσύνης
532 696 798 752 αμφιςβητεΐν
841 696 891 736 de
925 696 1133 764 singulari
1167 698 1360 736 castitate
1392 697 1533 737 dixit:

61 768 112 793 eo
143 756 329 807 respexit
359 754 627 794 Themistius
616 769 661 792 ιη
681 756 938 822 Βασανίστῃ·
969 770 1067 802 τους
1087 751 1339 807 ποογόνους,
1373 752 1532 808 ἆνερευ-

59 815 210 859 νῶντες
232 818 376 866 Διοτρε
361 828 428 864 φε
414 818 468 859 ῖς
486 829 551 853 και
585 816 789 865 Διογενεῖς
816 808 1001 864 καθαπερ
1019 808 1210 863 Ὀμηοος
1235 811 1318 864 λέγε
1322 827 1355 860 ι,
1393 813 1459 852 καὶ
1484 816 1536 867 τῆ

58 870 258 925 παροιμία
279 870 506 922 πρέποντας
521 871 573 922 τῇ
595 866 674 908 ἆπό
699 867 880 920 Κόδρου.
939 867 1038 906 Alia
1059 866 1264 921 quaedam
1284 880 1372 904 non
1398 855 1532 905 disso-

59 937 111 962 na
137 925 366 976 conjunxit
385 924 500 964 Philo
520 925 611 978 περὶ
631 927 837 976 Προνοίας
858 922 970 977 apud
996 923 1136 962 Euseb.
1163 928 1434 978 Προπαρασκ
1454 922 1530 962 lib.

58 979 181 1018 vm
208 995 242 1018 c.
260 984 338 1019 ult.
363 978 656 1034 πλουσιώτερος
675 984 871 1036 Κροίσου,
904 981 1096 1034 Λυγκέως
1116 975 1425 1033 ὀξυωπέστερος,
1459 975 1538 1020 ἇν-

56 1033 279 1091 δρειότερος
320 1043 393 1079 τοῦ
430 1036 720 1092 Κροτωνιάτου
764 1040 984 1085 Μίλωνος,
1041 1039 1210 1079 καλλίων
1251 1034 1533 1090 Γανυμηὸους.

55 1093 226 1132 Possem
249 1093 470 1147 aliquanto
492 1097 613 1147 plura
633 1109 655 1134 e
680 1096 871 1137 Maximo
895 1095 1012 1148 ᾙνίο
1032 1103 1164 1148 atque
1186 1093 1307 1132 aliis:
1339 1092 1412 1132 sed
1435 1106 1537 1146 ope·

56 1162 126 1187 rae
155 1163 241 1188 non
269 1160 345 1189 est.
387 1151 569 1191 HEMs'r.
602 1152 637 1194 I.

168 1206 270 1246 Ead.
303 1209 330 1245 l.
363 1213 404 1251 6.
438 1206 675 1262 Κέκροπος)
699 1206 862 1262 Cecrops
881 1217 924 1246 et
948 1205 1099 1248 Codrus
1117 1205 1454 1248 Atheniensium
1473 1220 1537 1245 re·

56 1274 128 1315 ges
149 1262 339 1301 fuerunt.
380 1263 521 1306 Bnon.

169 1316 276 1358 Ead.
307 1321 335 1358 l.
368 1325 407 1362 7.
450 1321 755 1371 ἑκκαίδεκα]
791 1319 898 1359 Cod.
931 1324 1055 1364 1428.
1090 1318 1267 1358 exhibet
1300 1335 1346 1366 ς,
1383 1317 1429 1357 id
1456 1327 1534 1366 est,

53 1389 151 1428 sex-‚-
207 1375 281 1428 qui
327 1391 546 1427 numerus,
590 1378 670 1416 etsi
707 1391 783 1430 per
826 1391 868 1415 se
910 1380 1007 1430 plus
1040 1389 1163 1428 quam
1201 1373 1435 1424 sufficeret,
1475 1384 1537 1413 ta·

54 1445 148 1469 men
185 1431 510 1484 posthabendas
549 1437 738 1487 vulgato.
806 1432 917 1471 Nam
956 1431 1123 1472 sedecim
1160 1440 1222 1472 est
1260 1445 1536 1470 numerorum

54 1485 434 1538 hyperbolicorum
456 1504 582 1539 unus,
612 1493 732 1542 cujus
751 1497 845 1527 tum
867 1498 930 1527 est
950 1502 1065 1538 usus,
1101 1486 1173 1525 ubi
1193 1490 1262 1526 vel
1277 1502 1410 1525 unum
1429 1488 1535 1525 mul-

53 1552 145 1582 tum
173 1544 298 1583 foret.
342 1545 480 1586 Diall.
505 1546 639 1584 Deor.
659 1545 695 1594 I,
722 1551 757 1587 1.
812 1545 985 1597 Jupiter
1005 1543 1264 1585 Prometheo
1291 1542 1423 1592 dicit,
1455 1556 1534 1595 pro

53 1598 261 1640 facinoris
301 1601 530 1641 atrocitate
572 1616 667 1641 eum
705 1600 882 1653 dignum
910 1614 1026 1649 esse,
1060 1602 1182 1654 cujus
1216 1603 1336 1652 jecur
1367 1613 1456 1637 non
1481 1598 1534 1637 ab

53 1669 168 1706 uno,
203 1654 276 1695 sed
308 1653 391 1699 ὖπό
422 1658 635 1700 ἑκκαίδεκα
663 1662 804 1712 γυπῶν
837 1655 1077 1697 tondeatur
1140 1655 1210 1694 Sic
1239 1664 1281 1694 et
1313 1654 1358 1692 in
1382 1654 1533 1697 Somn.

52 1726 86 1753 s.
115 1713 224 1752 Gall.
259 1719 384 1758 σ.12.
445 1714 658 1766 Micyllus
683 1714 797 1753 inter
819 1713 903 1752 eilia
930 1711 1182 1777 ‘gratissima
1216 1712 1342 1750 etiam
1365 1711 1535 1750 annulos*

52 1768 221 1808 sedecim
241 1783 284 1809 se
304 1780 466 1822 gestare
490 1771 788 1810 somniaverat.
848 1772 903 1808 Et
927 1770 971 1807 in
1002 1777 1152 1808 nostro
1184 1770 1282 1806 loco
1314 1775 1437 1806 tanto
1467 1767 1535 1805 in·

54 1825 222 1878 signior
239 1825 434 1864 redditur
455 1825 660 1876 adulatio,
696 1835 858 1879 quanto
883 1828 1026 1878 plures
1046 1833 1348 1876 comparantur
1368 1823 1533 1874 Croesi,

57 1894 189 1932 quum
220 1884 288 1921 vel
319 1882 448 1919 unius
469 1882 638 1920 divitiis
676 1881 750 1920 isti
775 1882 967 1920 omnium
1002 1891 1241 1947 tem'porum
1264 1879 1470 1932 Pyrrhiae
1493 1889 1539 1919 et

53 1936 297 1979 Dromones
320 1938 515 1976 contenti
537 1951 625 1977 esse
648 1941 831 1977 soleant.
883 1936 1016 1975 Vocis
1042 1949 1201 1988 συναμα
1223 1944 1445 1973 accentum
1469 1950 1536 1975 me

56 1994 395 2046 transposuisse,
422 2008 551 2047 quum
569 1994 615 2031 in
642 1992 841 2032 omnibus
861 1992 1011 2032 ceteris
1029 1991 1150 2030 libris
1171 1988 1333 2044 συνάμα
1350 1992 1533 2046 legatur,

55 2063 145 2090 non
171 2060 259 2100 est,
294 2025 412 2103 quo’d
442 2050 588 2089 multis
614 2049 803 2103 probem.
844 2050 998 2088 Lnnm.

166 2105 270 2147 Eud
303 2110 347 2146 l
342 2111 400 2152 9.
432 2107 746 2161 Συνειλεγμένα)
781 2105 940 2146 T.Fab.
962 2105 1251 2158 sibipepererit.
1286 2104 1421 2153 Male,
1440 2117 1536 2142 cum

56 2161 111 2201 de
131 2163 333 2215 quaesitis
355 2163 405 2201 ab
426 2177 503 2209 eo,
535 2166 657 2216 cujus
679 2162 799 2201 heres
825 2171 913 2211 est,
946 2160 1135 2214 intelligi
1159 2159 1322 2199 debeat.
1366 2159 1535 2201 SOLAN.

53 2219 283 2270 Expressit
313 2220 404 2259 fere
434 2218 604 2270 eadem,
637 2233 745 2275 quae
775 2192 974 2259 Horaiius
1003 2217 1089 2256 Sat.
1123 2215 1175 2256 de
1205 2215 1360 2269 Ulysse
1390 2226 1435 2258 et
1455 2215 1538 2256 Ti..

55 2275 190 2328 tesia,

281 2331 360 2383 Qui
376 2335 554 2388 quamvis
572 2335 751 2387 perjurus
764 2332 860 2382 erit,
893 2332 975 2370 sine
999 2340 1132 2384 genie,
1165 2339 1346 2370 cruentus

277 2389 476 2442 Sanguine
491 2389 679 2459 fraterno
706 2387 1063 2433 etc.A1<owur

167 2442 273 2486 Εαᾶ.
304 2449 336 2488 l.
370 2451 436 2488 11.
477 2444 734 2496 Αυτόπους)
765 2444 880 2499 Quia
909 2454 1033 2483 antea
1064 2442 1233 2483 dixerat
1258 2437 1350 2497 οὗχι
1368 2445 1453 2492 τοῖς
1471 2440 1536 2497 ἔμ·

56 2506 188 2543 αυτοῦ
208 2502 304 2542 ποσὶ
323 2504 469 2556 βαδίζω
494 2499 592 2544 τότε.
636 2502 806 2544 Somm

172 2557 272 2599 Eacl.
305 2561 335 2599 1.
370 2562 436 2601 15.
481 2556 541 2600 Οὐ
560 2556 637 2613 γὰρ
664 2554 819 2613 Ἀριστ.
834 2559 849 2608 )
880 2555 1123 2606 Aristidem,
1165 2555 1338 2597 Justum
1373 2569 1535 2610 cogno-

59 2614 282 2654 minatum.
311 2614 512 2655 Plutarch..
536 2612 579 2654 in
605 2618 694 2668 ejus
717 2615 832 2654 Vita.
865 2613 1007 2655 Bnon.
1065 2614 1160 2653 Hac
1184 2611 1237 2651 de
1266 2627 1310 2652 re
1344 2622 1533 2651 oratores

63 2669 232 2712 Graeci.
293 2670 411 2713 Idem
443 2671 550 2712 Jove
583 2672 796 2711 confutat.
826 2669 1001 2712 Boium.
1061 2668 1146 2708 Cui
1181 2678 1345 2708 sumtus
1367 2667 1535 2708 funeri·

63 2724 214 2768 defuit.
249 2726 364 2768 Corn.
388 2728 532 2796 Nepos.
578 2727 743 2770 somn.

176 2781 280 2824 Εαᾶ
309 2780 704 2841 1·16.Ιτ’τοῑινσ
731 2786 800 2829 καὶ
830 2782 959 2840 Kal.)
986 2781 1251 2838 Hipponiens-
1283 2790 1406 2836 pater
1444 2779 1532 2820 fuit
