1778 3194
497 256 632 286 -IN
723 255 1158 289 TIRONEM.
1489 248 1588 297 379

127 371 231 412 quos
253 355 436 408 pessime
456 352 543 405 odi,
570 353 802 403 consortio,
838 367 930 392 cum
952 353 1185 394 solitudine
1200 356 1418 409 atqueisto
1439 358 1587 414 ligone

129 413 434 466 philosophor,
468 421 510 450 et
533 411 718 450 rationes
732 424 840 449 meas
864 408 1039 450 deduco.
1083 410 1168 463 Qui
1191 413 1364 452 remotis
1391 415 1583 465 arbitris,

127 469 298 524 quando
321 480 464 522 aperte
480 467 681 521 proloqui
694 481 791 521 ¹non
816 465 995 515 audent,
1036 468 1293 508 calamitates
1317 474 1384 509 vel
1403 486 1496 510 suas
1516 476 1588 512 vel

128 526 304 564 aliorum
330 525 573 578 deplorant,
607 538 677 563 eos
698 528 849 576 poetae
874 521 1024 560 dicunt
1049 522 1169 576 quasi
1188 526 1413 576 proverbio
1446 526 1588 580 αὔραις

128 583 199 623 καὶ
221 580 383 634 ἀνέμοις
399 582 667 635 διαλέγεσθαι·
698 584 752 634 γῇ
768 580 836 621 καὶ
857 577 1020 634 οὐρανῷ
1044 584 1185 630 λαλεῖν,
1218 590 1267 618 ut
1285 582 1357 621 illa
1381 586 1528 623 nutrix
1540 585 1587 623 in

128 638 308 691 Euripid.
329 636 447 678 Med.
474 653 511 676 v.
533 642 598 681 57.
621 649 745 689 quem
763 639 904 675 locum
925 635 1062 674 facete
1085 635 1168 676 alio
1189 635 1361 677 deflexit
1385 640 1588 681 Philemon

130 695 175 732 in
195 695 340 733 fabula
361 693 520 733 Milite.
541 694 704 741 Noster,
746 702 795 730 ut
819 690 1013 730 Timonis
1044 691 1113 729 sui
1137 707 1358 745 personam
1380 706 1584 747 tueretur,

127 751 317 804 ligonem
336 759 378 789 et
407 749 682 789 solitudinem
717 747 957 786 substituit.
993 746 1240 791 Hmsrjl,
1292 750 1589 793 Boissonnffllus

128 805 180 844 ad
207 806 365 860 Gregor.
393 805 481 845 Cor.
506 820 545 858 p.
571 810 660 849 136.
680 803 744 843 ed.
760 804 902 842 Scha'f.
925 802 1027 842 haec
1048 814 1191 843 nostra
1214 808 1482 847 conferteum
1500 825 1590 848 ver-

127 862 190 901 bis
214 863 426 915 Theogneti
438 861 603 901 Comici
625 875 688 913 ap.
702 861 850 901 Athen.
871 861 922 899 L.
945 859 1041 901 XV.
1062 875 1104 914 p.
1129 867 1225 906 671,
1248 863 1294 906 C,
1314 863 1592 919 πεφιλοσόφη-

128 935 204 968 κας
221 923 277 975 γῇ
297 934 338 960 τε
353 916 540 975 κούρανῷ
559 922 700 959 λαλῶν.
730 916 884 958 LEHM.

238 997 338 1051 Pag.
371 1002 439 1040 71.
471 1000 498 1039 l.
530 1001 569 1040 4.
597 994 787 1047 ‘'wiov)
819 995 929 1037 Vide
952 996 1102 1037 Celsum
1142 996 1254 1052 apud
1288 999 1489 1055 origenem
1516 1001 1594 1052 VI,

127 1059 235 1098 329:
269 1051 290 1095 ὅ
313 1051 413 1103 θεὸς
433 1052 560 1110 ὥςπερ
585 1051 605 1096 ὅ
625 1051 735 1108 παρὰ
755 1057 813 1111 τῷ
843 1057 1028 1110 κωμῳδῷ
1051 1053 1153 1105 Ζεύς
1173 1057 1216 1098 ἐκ
1242 1061 1316 1098 τοῦ
1338 1062 1499 1114 μακροῦ
1521 1055 1597 1100 ὕπ-

126 1128 203 1153 νου
221 1112 434 1160 ὂιυπνίσας
451 1121 530 1150 etc.
562 1112 729 1153 SOLAN.

239 1179 345 1219 Ibid.
379 1177 602 1232 Νήδυμον)
630 1180 700 1217 Ex
720 1178 886 1218 Ηοτνιεη·
904 1179 963 1218 II.
984 1180 1034 1219 Β.
1056 1184 1105 1222 2:
1140 1182 1220 1221 Δία
1239 1178 1277 1221 δ’
1301 1176 1373 1223 οὐκ
1395 1183 1454 1235 ἔχε
1472 1179 1597 1234 νήδυ-

132 1253 205 1289 μος
225 1233 368 1284 ὕπνος.
400 1237 544 1276 Bnon.
605 1237 740 1274 Totus
763 1236 1018 1276 Homericus
1040 1235 1111 1275 hic
1133 1235 1350 1291 dialogus:
1384 1238 1430 1276 in
1453 1251 1503 1278 eo
1527 1247 1598 1276 ta-

136 1307 230 1332 men
253 1292 537 1346 Aristophanis
556 1295 735 1330 multum
754 1292 878 1335 inest,
907 1293 1086 1332 Eoum).

244 1369 349 1410 Ibid.
378 1368 508 1424 ’Τπὲρ
527 1367 895 1425 τόνἘπιμενίδην)
926 1371 1080 1413 Erasm.
1103 1373 1147 1411 in
1173 1372 1374 1415 Proverb.
1397 1374 1602 1429 Epimeni-

135 1427 196 1467 dis
222 1443 394 1468 somnus.
433 1429 576 1469 BnoD.
617 1428 744 1467 Varie
771 1428 955 1466 traditur
985 1443 1215 1481 annorum,
1247 1431 1399 1484 quibus
1429 1431 1605 1469 dormiit

132 1483 410 1533 Epimenides
426 1514 438 1532 ‚
479 1498 689 1525 numerus,
759 1484 849 1523 Alii
876 1484 1017 1525 LVII.
1042 1486 1117 1524 alii
1137 1487 1188 1525 L.
1215 1496 1290 1524 aut
1310 1487 1399 1526 XL.
1423 1488 1604 1528 faciunt.

133 1539 238 1581 Plin.
263 1539 360 1589 VII,
384 1543 438 1584 52
474 1550 513 1579 et
536 1541 656 1593 Diog.
678 1539 814 1579 La'c'rt.
829 1544 895 1583 29.
911 1540 962 1578 A.
985 1541 1293 1596 quinquaginta
1306 1552 1479 1594 septem.
1501 1543 1608 1581 Var-

137 1612 180 1634 ro
206 1595 255 1635 de
280 1596 330 1637 I».
351 1596 403 1637 L.
432 1597 529 1637 VII.
558 1596 886 1650 quinquaginta.
918 1595 1021 1636 Plut.
1044 1613 1096 1636 αη
1117 1601 1197 1636 seni
1215 1599 1386 1650 gerenda
1415 1602 1468 1637 sit·
1485 1598 1605 1652 Resp.

138 1651 304 1692 Ter-tull.
325 1661 368 1692 et
390 1653 562 1692 Pausan.
589 1653 634 1691 in
658 1652 748 1692 Att.
775 1650 1067 1705 quadraginta.
1102 1653 1212 1693 Vide
1236 1654 1399 1707 Illonag.
1418 1653 1468 1693 ad
1483 1655 1604 1707 Πίος.

136 1708 274 1748 Lab-i.
300 1722 343 1761 p-
375 1714 446 1754 39.
481 1710 649 1750 Somne.
678 1735 683 1740 -
711 1709 795 1748 Cui
816 1723 902 1747 non
925 1709 1064 1747 dictus
1095 1710 1365 1763 Epimenidis
1400 1711 1607 1750 somnus?

137 1766 301 1818 Argute
321 1764 380 1813 is,
421 1776 462 1804 et
481 1779 686 1817 personae
707 1778 805 1803 suae
824 1765 1152 1815 convenienter,
1186 1767 1346 1819 quippe
1376 1766 1505 1806 homo
1534 1781 1609 1806 ru·-

140 1820 295 1870 micus,
320 1821 436 1874 apud
452 1821 640 1874 Alciphr.
661 1821 746 1861 III.
767 1821 847 1872 Ep.
868 1826 945 1864 38:
977 1818 1103 1864 ’ὑπνοῖ
1122 1823 1183 1872 ὁὲ,
1206 1820 1302 1865 ὅσον
1317 1820 1475 1875 ἥκουσα
1502 1840 1610 1864 τετυ·

141 1879 335 1927 φυομένου
359 1881 557 1928 σοφιστοῦ
576 1878 761 1930 λέγοντος
775 1876 1039 1930 Ἐπιμενίδην
1057 1876 1147 1919 τινὰ
1170 1882 1307 1932 Κρῆτα
1324 1883 1606 1932 κεκοιμῆσθαι.

139 1931 239 1971 tid.
259 1931 304 1971 Ρ.
331 1933 485 1974 Victor.
510 1933 560 1973 V.
583 1933 635 1971 L.
659 1932 819 1973 XXIV.
846 1947 880 1970 c.
907 1939 943 1974 1.
977 1934 1035 1973 A.
1062 1934 1214 1974 Schott.
1248 1934 1299 1972 ad
1331 1935 1463 1975 Prov.
1494 1936 1606 1989 App,

139 1988 238 2026 Yat.
263 1987 312 2027 C.
335 1990 417 2029 ῙῙῙ.
443 2004 484 2028 n.
504 1992 570 2031 97.
590 1989 756 2040 liffenag.
779 1987 829 2026 ad
851 1989 1015 2041 Diogen.
1037 1990 1088 2029 L.
1102 1991 1137 2037 I,
1163 1994 1256 2032 109.
1282 1990 1409 2029 Faber
1435 1991 1481 2028 in
1501 1992 1606 2044 Epi-

46 2056 86 2070 s
143 2044 325 2083 menidis
350 2055 487 2084 aetate
509 2048 728 2097 scrupulos
746 2054 902 2093 movet,
936 2046 1050 2084 hunc
1073 2047 1247 2098 nullius,
1278 2050 1454 2086 alterum
1477 2048 1606 2086 alicu-

139 2103 206 2155 jus
228 2101 446 2141 momenti.
507 2101 678 2139 Niciam
710 2100 905 2139 Nicerati
942 2101 1095 2151 filium,
1131 2102 1205 2155 qui
1226 2102 1276 2140 ad
1309 2103 1608 2155 Epimenidem

143 2155 436 2196 arcessendum
458 2157 543 2195 fuit
561 2157 738 2206 missus,
782 2157 877 2209 quis
900 2157 1019 2195 illum
1045 2157 1192 2196 docuit
1213 2173 1306 2197 eum
1328 2173 1439 2210 esse,
1485 2173 1608 2213 quem

143 2213 285 2252 Sicula
307 2212 444 2252 clades
466 2212 752 2252 nobilitavit?
776 2226 867 2251 non
891 2213 1083 2265 Diogenes
1102 2225 1236 2255 certe:
1259 2230 1354 2254 nam
1379 2216 1414 2253 is
1438 2215 1610 2268 quidem

143 2278 330 2321 tempus,
364 2278 522 2308 sextam
543 2270 633 2309 sive
658 2269 880 2322 septimam
913 2279 956 2308 et
989 2270 1350 2324 quadragesimam
1387 2270 1611 2324 Olympia-

145 2322 263 2373 dem,
306 2323 501 2364 adcurate
522 2325 763 2377 perscribit.
825 2324 1106 2366 Athenienses
1138 2327 1285 2366 Nicias
1315 2336 1357 2366 et
1383 2328 1610 2368 Niceratos

144 2383 311 2434 plures,
351 2380 478 2420 etiam
500 2381 546 2419 in
566 2380 646 2420 hac
665 2381 757 2435 ipsa
777 2382 964 2432 familia,
1008 2397 1193 2435 possem,
1227 2384 1262 2422 si
1283 2383 1366 2422 hoc
1390 2393 1581 2437 ageretur
1596 2415 1610 2434 ‚

147 2435 398 2475 ostendere:
432 2435 536 2490 quid
562 2451 664 2492 ergo
683 2437 896 2491 prohibet,
929 2452 1015 2490 quo
1038 2440 1177 2478 minus
1198 2454 1331 2477 unum
1353 2440 1538 2493 aliquem
1557 2454 1610 2479 ex

147 2492 272 2530 istius
300 2491 479 2541 Niciae,
524 2493 597 2544 qui
633 2493 903 2547 expeditioni
931 2496 1099 2534 Siculae
1120 2495 1334 2548 praefuit,
1380 2495 1612 2549 majoribus

146 2547 466 2602 intelligamus?
498 2548 655 2587 Verum
675 2547 894 2589 difficilior
915 2562 977 2590 est
999 2551 1135 2590 nodus
1158 2551 1201 2589 in
1224 2551 1400 2601 Platone,
1436 2552 1510 2605 qui
1548 2551 1612 2590 di-

149 2604 272 2643 sertis
290 2618 388 2643 sane
415 2603 552 2644 verbis
577 2604 873 2657 Epimenidem
905 2607 1096 2646 Athenas
1122 2607 1340 2648 advenisse
1372 2608 1501 2647 refert
1532 2606 1612 2662 πρᾶ

150 2664 230 2701 τῶν
252 2664 464 2714 Περσικῶν
485 2661 581 2702 δέκα
600 2661 698 2702 ἔτεσι
716 2659 914 2716 πρότερον
941 2662 991 2702 de
1020 2664 1108 2706 LL.
1138 2663 1172 2702 I.
1196 2678 1235 2718 p.
1257 2669 1352 2708 780.
1371 2664 1417 2705 F.
1439 2664 1513 2705 hoc
1533 2677 1608 2714 est,

153 2727 192 2754 ut
212 2719 361 2768 opinor,
394 2716 538 2770 inquit
557 2716 890 2758 Aldobrandinus
910 2718 958 2758 ad
975 2721 1140 2772 Diogen.
1163 2720 1214 2759 L.
1237 2734 1332 2758 nam
1355 2733 1508 2773 operae
1521 2735 1614 2773 pre·

154 2772 261 2810 tium
284 2772 362 2812 erit
383 2787 477 2813 eum
503 2771 662 2825 audite,
695 2786 901 2831 antequam
917 2776 1054 2817 Persae
1076 2779 1118 2816 in
1136 2776 1309 2831 ,Lydiam
1326 2779 1517 2818 venirent.-
1548 2781 1611 2828 τῇ·
