1778 3194
220 239 316 286 185
574 251 1328 285 ,anno-rarronzs

218 350 331 390 enim
361 349 532 388 facilius
555 359 596 390 et
625 352 784 406 gratius
811 351 891 391 hac
913 351 1120 400 lectione,
1154 352 1254 394 οἶδὲ
1279 353 1341 395 ἐπὶ
1371 349 1505 408 λόγοις
1535 354 1687 396 ἐπαινέ-

217 409 358 449 σονταί
374 424 431 456 σε,
464 408 617 446 omissa
637 423 742 449 voce
761 407 918 460 πάντες,
951 423 1072 462 quam
1097 424 1183 449 non
1204 409 1362 450 habent
1382 411 1529 465 scripti
1551 411 1683 450 libri?

215 465 374 502 Sensus
399 473 482 514 est,
512 468 632 519 pauci
657 482 744 505 vero
766 466 927 520 qnidam
951 467 1042 517 (sic
1074 481 1150 518 per
1178 477 1435 506 contemtum
1465 468 1613 507 doct-os
1643 476 1686 507 et

213 519 424 558 facundos
446 522 560 560 viros
581 532 706 562 vocat
730 525 770 564 οἱ
790 524 853 573 δὲ,
886 538 938 562 ne
960 523 1180 562 nominare
1205 525 1374 576 quidem
1399 523 1601 578 dignata)
1635 523 1684 563 ob

211 576 348 615 studia
368 576 587 617 laudabunt
608 590 654 628 te,
687 579 771 618 nisi
795 579 909 633 quod
931 581 1058 619 etiam
1084 581 1242 619 Graeca
1266 595 1351 619 vox
1369 578 1502 633 λόγοις
1526 580 1684 620 invidi-

213 648 279 671 am
300 632 508 687 quandam
528 643 570 673 et
592 645 852 675 contemtum
871 639 1068 689 majorem
1094 650 1190 689 prae
1212 651 1254 676 se
1273 637 1370 687 fert,
1383 637 1558 675 'fabulas
1581 651 1686 690 quo-

211 704 294 745 que
314 699 357 729 et
377 691 714 731 narratiunculas
744 702 785 733 et
803 707 934 748 nugas
959 694 1181 733 denotans.
1239 691 1531 735 Ἐπαινεῖσθαι
1553 696 1616 735 ἐπί
1632 710 1686 734 τι-

209 764 252 788 νι
270 747 426 799 passim
448 748 492 785 in
514 748 697 789 Luciano
721 750 910 792 obvium,
944 750 1155 791 Grion-ov,
1216 751 1349 790 Recte
1379 749 1684 789 animadvertit

210 802 249 842 J.
287 802 526 853 Gronovius,
560 818 647 843 non
680 820 803 859 posse
824 806 928 847 haec
958 807 1079 846 aliter
1101 807 1261 847 Latine
1290 807 1498 860 exprimi,
1534 821 1684 859 quam,

209 876 331 914 neque
346 861 636 914 propter-verba
657 862 876 902 laudabunt
898 875 933 902 fe
963 879 1104 903 omnes.
1167 864 1266 903 Sine
1295 863 1425 902 dubio
1458 878 1686 917 opponun-

209 925 281 954 tur
307 916 414 970 λόγοι
433 920 584 971 ἔργοις,
613 920 730 958 verba
763 921 952 974 operibns.
1016 921 1097 959 Sed
1118 935 1210 959 cum
1234 920 1352 975 prior
1375 920 1490 959 dicat
1511 920 1687 958 Statua-

205 972 287 1021 1ia,
322 973 582 1027 Eloquentia
610 976 841 1014 etiamnum
863 985 1053 1026 tacente,
1085 986 1177 1015 tota
1200 992 1265 1016 res
1295 977 1483 1029 exprimi
1519 975 1684 1016 debuit.

208 1028 400 1068 Omnino
420 1044 521 1083 ergo
551 1031 846 1082 existimarim,
881 1033 1033 1071 omissa
1057 1033 1189 1074 fuisse
1208 1034 1334 1073 verba
1358 1033 1475 1082 haec,
1503 1028 1589 1074 ἄλλ’
1619 1027 1682 1073 ἐπ’

205 1087 351 1140 ἔργοις.
413 1087 520 1127 Cum
542 1087 738 1126 librarius
762 1089 1001 1142 scripsisset
1019 1089 1072 1128 ad
1095 1104 1242 1130 vocem
1264 1089 1419 1144 λόγοις,
1452 1092 1687 1142 oculosque

204 1156 230 1181 a
252 1141 364 1180 libro
384 1143 626 1194 amovisset,
657 1155 951 1201 repeteretque
971 1146 1261 1198 scriptionem,
1297 1146 1499 1199 deceptus
1522 1145 1685 1197 syllaba

204 1216 307 1254 γοις,
332 1199 500 1237 omissis
521 1199 658 1238 tribus
680 1201 862 1252 voculis,
886 1203 1007 1255 quasi
1033 1216 1101 1242 eas
1126 1205 1207 1255 jam
1229 1202 1535 1255 descripsisset,
1553 1212 1686 1239 trans-

204 1256 316 1294 siliit
337 1254 390 1293 ad
414 1270 525 1305 eam,
562 1270 668 1308 quae
688 1258 884 1310 proxime
903 1259 1180 1313 sequebatur,
1213 1274 1360 1298 vocem
1388 1261 1532 1313 ἔργοις.
1573 1259 1686 1311 Lege

205 1325 324 1366 ergo,
359 1309 453 1353 οὐδὲ
472 1314 537 1354 ἐπὶ
557 1312 704 1368 λόγοις,
724 1311 810 1355 ἄλλ’
833 1312 898 1356 ἐπ’
920 1316 1051 1369 ἔργοις
1075 1317 1201 1357 ἕπαιν.
1227 1324 1307 1355 etc.
1330 1331 1406 1353 non
1425 1326 1585 1368 propter
1603 1329 1685 1351 ver-

204 1368 270 1416 Im,
303 1378 350 1406 ut
370 1371 509 1408 solent
531 1380 730 1420 oratores,
755 1370 828 1425 qui
852 1371 1028 1411 rivalem
1058 1387 1192 1411 meam
1217 1380 1467 1425 sequuntur,
1500 1370 1568 1410 secl
1582 1386 1687 1424 pro-

201 1436 288 1478 pz‘er
306 1438 424 1479 opera
451 1425 673 1466 laudabunt
694 1439 730 1467 ie
761 1444 899 1468 omnes,
962 1430 1028 1467 Eo
1063 1431 1174 1468 clare
1209 1428 1386 1480 respicit
1420 1426 1685 1480 Eloquentia

202 1480 323 1520 hisce
354 1482 509 1532 verbis,
544 1496 651 1537 quae
670 1483 904 1523 ostendunt
924 1484 1179 1523 Statuariam
1204 1499 1250 1524 ea
1275 1484 1448 1533 dixisse,
1483 1497 1590 1536 quae
1612 1497 1683 1521 ex-

201 1537 449 1590 posuimus:
484 1542 541 1580 Εἰ
569 1539 611 1580 δὲ
641 1542 710 1580 καὶ
746 1543 910 1589 Φειδίας
934 1539 963 1593 ἢ
986 1539 1257 1588 Πολύκλειτος
1289 1541 1447 1594 γένοιο,
1479 1540 1546 1581 καὶ
1581 1546 1684 1580 θαυ-

199 1592 330 1644 μαστὰ
368 1597 494 1636 πολλὰ
527 1592 932 1646 ἘΞῈΡΓΑΣΑΙΟ,
981 1596 1056 1649 τὴν
1107 1599 1178 1649 μὲν
1220 1597 1360 1649 τέχνην
1393 1595 1690 1638 ἉΠΛΝΤΕΣ

194 1647 667 1694 ἝΠΑῙΝΕΣΟΝΤΑΙ
688 1663 769 1693 etc.
805 1654 906 1692 Scio
938 1653 1104 1692 laudari
1125 1655 1231 1692 Mss.
1255 1653 1460 1702 Codices,
1496 1652 1572 1706 qui
1603 1666 1681 1705 pro

203 1705 297 1749 οὐδὲ
318 1707 500 1747 habeant
521 1712 563 1751 οἱ
584 1709 638 1760 δὲ,
670 1719 711 1748 et
732 1710 936 1749 omittant
958 1709 1083 1749 etiam
1108 1707 1276 1758 πάντες·
1310 1708 1383 1749 sed
1404 1709 1507 1748 haec
1530 1709 1683 1747 confu-

201 1774 266 1802 tat
290 1765 498 1803 orationis
518 1766 658 1815 series,
695 1776 737 1805 et
757 1765 958 1805 videntur
979 1781 1067 1805 esse
1086 1764 1437 1820 παραὸιορθώσεις
1464 1767 1685 1805 Gramma-

201 1820 304 1869 tici,
337 1823 531 1859 lacunam
553 1821 626 1860 hic
645 1836 733 1861 esse
757 1836 844 1861 non
874 1823 1174 1875 intelligentis.
1235 1824 1306 1861 De
1325 1821 1533 1875 ejusmodi
1555 1821 1683 1860 omis·

200 1877 396 1915 sionibus
426 1878 588 1931 egimus
619 1878 663 1916 in
698 1879 801 1918 Arte
832 1878 996 1919 Critica
1025 1879 1073 1918 P.
1103 1879 1186 1919 ΠῘ.
1211 1889 1310 1919 sect.
1339 1879 1373 1919 I.
1399 1893 1432 1920 c.
1455 1881 1496 1923 5.
1540 1878 1680 1918 CLER.

194 1931 301 1975 Ἐπὶ
338 1932 470 1990 λόγοις
492 1930 598 1987 [ἀλλ’
621 1936 685 1976 ἐπὶ
705 1935 866 1989 ἔργοις]
888 1934 970 1989 ἐκ.)
995 1935 1066 1974 Sic
1095 1934 1165 1974 edi
1197 1951 1250 1975 ex
1289 1937 1533 1988 conjectura
1564 1948 1683 1973 cura-

200 1991 356 2041 vimus,
391 2006 485 2029 cum
512 1991 556 2029 in
579 1990 708 2030 editis
732 2002 855 2030 antea
879 1994 1102 2046 legeretur,
1138 1988 1228 2034 0136'
1254 1993 1318 2034 ἐπὶ
1340 1990 1474 2046 λόγοις
1493 1993 1552 2033 ἐπ.
1576 2005 1612 2032 σ.
1636 2007 1680 2032 π.

199 2049 323 2085 nullo
355 2057 429 2086 aut
457 2047 716 2100 perobscuro
755 2062 894 2088 sensu.
956 2048 1146 2087 Praeivit
1184 2047 1478 2088 emendationi
1510 2058 1682 2087 nostrae

201 2103 414 2155 scriptura
441 2103 610 2143 Codicis
630 2104 904 2154 Βοιινᾶεἷοίὶἰ,
938 2107 1057 2158 cujus
1084 2114 1228 2144 notam
1252 2105 1476 2157 praemisi3
1517 2104 1562 2142 in
1582 2105 1678 2142 Pol.

201 2170 342 2198 tamen
364 2169 426 2199 est
441 2162 535 2202 οἵδε.
571 2160 640 2200 Ne
663 2161 759 2214 quis
788 2170 925 2200 autem
943 2161 1026 2199 hoc
1050 2164 1242 2213 exemplo
1263 2159 1465 2199 audaciae
1485 2174 1550 2199 me
1576 2160 1681 2198 insi-

203 2218 352 2266 mulet,
386 2216 501 2269 quod
522 2231 610 2256 mea
636 2230 714 2269 pro
734 2217 968 2256 Lucianeis
999 2216 1221 2255 obtrudam
1236 2249 1246 2267 ,
1282 2217 1387 2254 sciat
1407 2217 1452 2253 in
1475 2216 1682 2269 paucissi-

202 2273 282 2310 mis
303 2271 441 2325 iisque
464 2274 552 2312 fere
575 2272 806 2326 desperatis
829 2274 936 2312 locis
957 2272 1002 2311 id
1023 2273 1198 2321 factum,
1213 2286 1353 2325 neque
1373 2287 1552 2326 usquam
1564 2273 1682 2326 quic-

200 2344 326 2383 quam
353 2334 500 2368 contra
531 2329 655 2369 fidem
677 2328 886 2370 Codicum
916 2344 990 2368 seu
1011 2329 1310 2381 impressorum
1342 2342 1416 2367 seu
1450 2329 1682 2367 manuscri-

201 2394 373 2438 ptorum
395 2385 598 2425 scientem
627 2385 965 2438 prudentemque
980 2417 990 2435 ,
1025 2399 1112 2424 non
1132 2385 1299 2423 monito
1319 2388 1500 2435 lectore,
1543 2395 1680 2424 muta-

202 2452 308 2479 tum.
369 2443 440 2481 De
468 2443 529 2483 ἐπὶ
551 2439 684 2497 λόγοις
713 2441 801 2480 vid.
834 2456 866 2482 c,
888 2447 928 2484 7.
961 2442 1026 2483 ἐπὶ
1055 2447 1137 2489 τοῖς
1165 2439 1342 2495 ἀρίστοις
1374 2436 1603 2494 εὐδοκιμῶν.
1637 2451 1682 2480 et

201 2497 391 2550 Philops.
415 2512 451 2538 c.
482 2504 520 2542 6.
554 2500 619 2541 ἐπὶ
637 2504 722 2547 τοῖς
753 2501 972 2545 Πλάτωνος
1012 2495 1146 2552 λόγοις
1182 2495 1476 2550 θαυμάζεσθαι.
1509 2498 1677 2540 SOLAN.

202 2553 436 2593 Turbatum
458 2555 530 2593 hic
554 2555 642 2594 fuit
668 2556 713 2593 in
737 2554 874 2595 Codd.
896 2555 1003 2594 Mes.
1027 2568 1116 2594 eam
1139 2553 1191 2592 ob
1215 2568 1313 2604 rem,
1346 2564 1394 2592 ut
1414 2563 1534 2606 puto,
1561 2554 1679 2607 quod

204 2622 313 2661 quae
349 2611 532 2662 primum
574 2611 626 2650 ad
663 2610 958 2650 illustrandam
996 2610 1250 2650 sententiam
1294 2610 1473 2663 margini
1506 2611 1679 2648 fuerant

205 2664 397 2716 adpicta,
442 2667 712 2719 postmodum
755 2668 892 2720 ipsum
923 2667 1098 2706 Luciani
1135 2675 1382 2705 contextum
1424 2665 1675 2706 invaserint.

207 2722 376 2760 Summo
408 2736 534 2775 opere
565 2723 831 2764 contendunt
861 2723 1071 2764 eruditiss.
1097 2722 1203 2769 viri,
1236 2732 1286 2759 ut
1318 2721 1549 2771 inseratur,
1584 2731 1676 2759 tan·

207 2790 333 2833 quam
348 2780 626 2822 necessarium
647 2779 699 2821 ad
719 2789 900 2823 mentem
912 2780 1098 2832 Luciani,
1120 2775 1205 2821 ἄλλ’
1224 2773 1281 2822 ἐπ’
1301 2780 1445 2836 ἔργοις·
1464 2780 1676 2832 vulgatam
