1778 3194
807 233 1208 265 LUCxANI

435 334 573 372 EPM.
622 331 769 385 Μηδὲν
802 331 963 384 σκαιόν,
996 325 1029 374 ὦ
1056 332 1213 387 Τίμων,
1243 327 1340 374 ἀλλὰ
1361 332 1405 376 τό
1433 332 1543 377 πάνυ
1575 340 1695 378 τοῦτο

316 400 480 457 ἄγριον,
521 401 586 441 καὶ
606 398 726 455 τραχὺ
749 399 1006 456 καταβαλών,
1037 403 1248 455 προτείνας
1277 400 1331 443 ‘mi
1353 408 1475 456 χεῖρε,
1515 401 1697 459 λάμβανε

236 337 290 379 35

313 468 388 523 τήν
407 465 570 525 ἀγαθὴν
586 467 728 523 τύχην,
757 471 824 512 καὶ
845 467 1006 512 πλούτει
1026 466 1167 520 πάλιν,
1197 471 1263 511 καὶ
1284 472 1374 512 ἴσθι
1389 467 1631 525 Ἀθηναίων
1648 469 1700 513 τοὶ

312 544 472 593 πρῶτα,
501 539 568 581 καὶ
587 535 769 594 ὑπερόρα
785 543 866 580 τῶν
887 533 1111 595 ἀχαρίστων
1130 539 1315 591 ἐκείνων,
1346 537 1473 594 μόνος
1496 537 1616 589 αὐτὸς
1634 534 1701 582 ε’ὖ-

314 611 529 662 δαιμονῶν.

433 704 554 742 TIM.
589 695 717 741 Οὐδὲν
734 695 848 752 ὑμῶν
869 698 1029 751 δέομαι·
1053 697 1108 752 μὴ
1131 699 1320 753 ἐνοχλεῖτέ
1341 712 1430 753 μοι·
1462 696 1599 749 ἴκανός
1617 700 1704 754 ἐμοὶ
1761 729 1770 756 2¹

314 774 489 817 πλοῦτος
508 765 536 821 ἦ
553 769 719 810 δίκελλα.
749 764 798 808 τὰ
820 763 860 809 δ’
879 764 999 819 ἄλλα,
1020 762 1374 822 εὗδαιμονὲστατός
1396 770 1498 822 εἶμι,
1527 765 1703 824 μηδενός
1762 758 1766 778 ⁹

312 854 382 892 μοι
406 834 710 890 πλησιάζοντος.

427 932 566 970 EPM.
603 924 760 977 Οὕτως,
793 919 826 967 ὦ
847 932 944 978 τοῖν,
976 922 1288 983 ἀπανθρώπως,

142 983 307 1066 ἓξὲξ-(Ξῖ
543 991 669 1036 Τόνδε
689 995 799 1047 φέρω
820 997 894 1035 Διῒ
919 999 1052 1047 μῦθον
1073 990 1231 1049 ἀπηνέα
1251 1012 1309 1048 τε,
1339 992 1534 1052 κρατερόν
1551 1013 1616 1048 τες

169 1057 300 1124 9⁷14&
319 1064 399 1107 Καὶ
418 1061 498 1117 μὴν
522 1060 631 1110 εἰκὸς
649 1055 701 1114 ἦν
726 1059 1015 1116 μιςᾶνθρωπον
1039 1063 1110 1117 μὲν
1131 1062 1235 1106 εἷναί
1263 1078 1326 1115 σε,
1355 1069 1528 1112 τοςαῦτα
1545 1059 1703 1106 ’ὖπάὗ-

313 1138 393 1175 τῶν
412 1129 524 1174 δεινὰ
542 1126 795 1181 πεπονθότα,
826 1127 1022 1183 μισόθεον
1046 1132 1087 1174 δὲ
1105 1133 1316 1185 μηδαμῶς,
1348 1130 1477 1181 οὕτως
1496 1132 1705 1187 ἐπιμελου-

229 1535 286 1575 36

313 1202 445 1255 μένων
467 1214 541 1241 σου
561 1204 643 1240 τῶν
661 1202 786 1240 θεῶν.

433 1295 554 1333 ΤΙΜ.
581 1286 706 1331 Ἀλλὰ
726 1289 791 1331 σοὶ
818 1288 907 1342 μὲν,
942 1281 974 1330 ὦ
1000 1286 1159 1344 Ἑρμῆ’,
1190 1290 1259 1331 καὶ
1286 1295 1344 1347 τῷ
1363 1292 1438 1333 Διῒ
1453 1291 1614 1345 πλείστη
1632 1290 1702 1346 χά-

313 1378 376 1418 ρις
394 1364 464 1414 τῆς
483 1360 714 1413 ἐπιμελείας.
754 1359 916 1401 τουτονὶ
941 1358 982 1401 δὲ
1000 1355 1071 1402 τὸν
1090 1361 1279 1400 Πλοῦτον
1301 1355 1377 1401 οὐκ
1395 1356 1447 1401 ἂν
1466 1356 1643 1415 λάβοιμι.

426 1443 566 1482 ΕΡΜ.
605 1439 653 1479 Τί
680 1434 754 1490 δή;

433 1523 554 1561 ΤΙΜ.
571 1514 672 1560 ‘'On
690 1518 758 1558 καὶ
777 1512 898 1558 πάλαι
919 1517 1078 1572 μυρίων
1097 1520 1234 1558 κακῶν
1246 1535 1315 1570 μοι
1327 1517 1454 1566 αἴτιος
1472 1511 1698 1567 οὗτοςκατ-

310 1590 402 1642 ἔστη
417 1620 427 1639 ,
470 1584 610 1636 κόλαξί
637 1603 680 1629 τε
719 1583 950 1641 παραδοῦς,
993 1585 1059 1627 καὶ
1090 1582 1333 1640 ἐπιβούλους
1366 1585 1596 1642 ἐπαγαγών,
1635 1586 1703 1629 καὶ

367 1735 473 1773 Mer.
505 1731 572 1771 Ne
593 1731 697 1787 quid
725 1731 878 1770 inscite
911 1731 973 1769 fa-

314 1791 415 1840 cias,
452 1789 636 1829 Timon:
687 1787 793 1842 quin
825 1787 974 1840 potius

315 1855 477 1902 agreste
519 1844 660 1883 isthuc
699 1853 742 1884 et
783 1858 975 1896 asperum

311 1902 534 1957 ingenium
559 1900 707 1951 mitte,
739 1899 977 1953 porrectis-

313 1973 395 2013 que
419 1956 611 1995 manibus
633 1957 790 1995 fortem
822 1956 977 1993 Fortu·

310 2029 408 2053 nam
429 2013 593 2065 excipe,
618 2022 668 2051 ut
688 2011 830 2051 denuo
858 2010 976 2050 dives

312 2071 408 2120 fias,
451 2080 493 2109 et
521 2068 850 2108 Atheniensium
882 2068 977 2121 pri-

309 2142 426 2174 mus;
477 2126 661 2178 illosque
693 2125 883 2178 ingratos
906 2122 973 2163 de-

309 2183 465 2239 spicias
480 2213 491 2232 ‚
525 2181 609 2220 tibi
630 2179 708 2219 uni
731 2180 892 2219 beatus.

366 2242 474 2279 Tim.
507 2237 574 2277 Ne
607 2236 716 2274 mihi
749 2236 969 2290 negotium

309 2295 519 2336 facessite.
581 2292 718 2334 'Vobis
750 2290 972 2344 haudqua-

311 2367 437 2407 quam
462 2365 591 2405 egeo:
633 2347 795 2387 affatim
829 2348 971 2401 copia-

310 2424 402 2448 rum
435 2407 481 2446 in
523 2407 607 2445 hoc
636 2406 783 2460 ligone
810 2403 968 2450 habe03

312 2474 450 2505 cetera
469 2463 593 2513 felix,
626 2461 664 2502 si
686 2458 739 2500 ad
757 2474 822 2500 me
845 2473 970 2499 nemo

314 2519 496 2562 accedat.

369 2579 477 2617 Mer.
510 2577 629 2615 Tene
651 2572 755 2614 adeo
777 2572 972 2612 inhuma-

315 2646 367 2672 ne
390 2646 525 2685 agere,
560 2632 726 2671 amice?

369 2689 543 2726 ,Haecne
565 2690 661 2726 Jovi
683 2686 858 2740 referam
885 2693 973 2723 tam

428 2744 537 2782 dura
567 2753 694 2797 atque
732 2757 881 2795 aspera
910 2741 974 2779 di-

428 2801 534 2840 cta?

1031 1731 1135 1770 Non
1175 1745 1275 1770 sane
1314 1731 1568 1772 incredibile
1598 1729 1701 1786 (ini-

1035 1785 1181 1840 quum)
1204 1796 1316 1836 erat,
1350 1787 1515 1827 invisos
1536 1803 1625 1829 esse
1645 1789 1698 1827 ti-

1033 1843 1080 1881 bi
1093 1842 1304 1892 homines,
1323 1857 1346 1881 a
1367 1844 1519 1898 quibus
1532 1853 1598 1884 tot
1616 1844 1699 1884 tibi

1037 1908 1156 1938 ortae
1176 1909 1315 1938 essent
1339 1899 1546 1954 injuriae3
1578 1902 1699 1941 Deos

1038 1964 1177 1994 autem
1201 1953 1355 2006 odisse,
1389 1957 1465 2010 qui
1484 1956 1566 1996 tibi
1587 1958 1699 2011 opti-

1036 2026 1102 2051 me
1123 2013 1364 2050 consultum
1397 2012 1550 2064 velint,
1582 2012 1699 2054 haud

1034 2082 1134 2107 sane
1153 2083 1229 2121 par
1247 2068 1346 2106 fuit.

1098 2127 1201 2164 Tim.
1232 2123 1333 2161 Tibi
1364 2123 1548 2176 quidem,
1579 2126 1698 2165 Mer-

1032 2180 1138 2229 curi,
1173 2194 1219 2217 ac
1231 2179 1333 2219 Jovi
1353 2190 1567 2231 praeterea
1579 2184 1696 2234 (pro-

1025 2245 1167 2288 pterea
1178 2234 1229 2290 Ρ)
1287 2235 1510 2274 maximam
1558 2238 1696 2278 habeo

1030 2292 1222 2346 gratiam,
1264 2291 1378 2344 quod
1400 2306 1466 2332 me
1486 2291 1602 2332 haud
1623 2308 1696 2334 ne·
1754 2339 1756 2343 Α

1030 2347 1237 2403 glexistis.
1266 2346 1448 2386 Isthunc
1476 2363 1577 2388 vero
1598 2351 1696 2388 Plu-

1030 2415 1121 2442 tum
1164 2402 1495 2458 haudquaquam
1541 2404 1693 2445 admit-

1030 2470 1129 2500 tam.

1086 2519 1195 2557 Mer.
1227 2515 1542 2570 Quamobrem?

1092 2576 1198 2614 Tim.
1231 2572 1344 2626 Quia
1369 2572 1469 2611 olim
1498 2573 1692 2614 infinito.

1029 2644 1123 2668 rum
1168 2628 1277 2668 mihi
1319 2642 1442 2666 causa
1486 2634 1691 2670 malorum

1031 2686 1132 2735 fuit,
1157 2684 1486 2724 assentatoribus
1508 2701 1573 2726 me
1594 2700 1692 2739 pro·

1032 2741 1149 2791 deus,
1181 2740 1289 2779 mihi
1318 2740 1590 2781 insidiatores
1613 2742 1691 2779 im-

1032 2797 1228 2849 mittens,
1299 2795 1445 2837 odium
1497 2797 1690 2838 exsusci-
