1778 3194
353 233 1323 269 ΝοτΑΕιΝΊ-ῙΜΟΝΕΜ.
1466 225 1564 272 547

103 333 210 376 adeo
228 332 443 389 perditum
465 333 583 381 vidi,
612 346 708 374 eum
735 341 784 371 ut
802 345 1051 387 agnoscere,
1081 334 1352 389 quantumvis
1376 335 1481 374 mihi
1503 338 1566 377 fa-

100 392 333 442 miliarem,
365 391 646 445 nequiverim.
714 388 840 429 Nihil
871 388 1061 440 pudere?
1105 404 1199 429 acre
1235 405 1336 431 vero
1374 393 1564 433 hominis

99 447 333 502 judicium!
365 448 629 487 mulierculis
648 458 690 487 et
707 445 1064 500 salgamariorum,
1087 445 1565 502 aepharmacopolarum

100 505 244 558 pueris
268 507 393 543 talem
414 504 660 558 scriptorem
684 503 946 543 committere
962 501 983 540 ‘3
1023 502 1235 542 Videlicet
1264 503 1315 542 de
1343 506 1430 543 Dei
1466 521 1564 558 pro-

16 589 29 604 ,-
99 559 294 599 videntia
318 560 526 613 dubitare,
559 560 674 599 nihil
695 570 780 608 est;
815 559 930 612 quod
956 573 1070 598 nunc
1088 559 1256 598 discent
1276 566 1482 615 propolae
1502 575 1563 602 ta.

48 641 54 645 -
98 616 133 656 li
154 617 403 670 interprete.
464 616 632 671 Quidni
660 615 872 669 Virgilium
893 615 1076 669 denique
1097 627 1190 668 post
1208 626 1271 654 tot
1291 618 1412 668 alios,
1438 619 1562 672 quid-

99 672 147 711 ni
163 672 488 728 Aristophanem,
508 685 551 714 et
569 673 758 714 Plautum
779 683 1023 726 corruptum
1045 682 1145 712 eunt
1160 673 1181 711 ‘3
1213 673 1323 711 Nam
1340 677 1561 715 Homerum

97 729 271 783 quidem
304 731 458 784 ipsum,
498 741 564 769 sat
585 730 697 781 scio,
738 745 824 768 non
856 729 1095 784 adtingent.
1156 729 1302 782 Nuper
1330 732 1440 769 enim
1470 735 1562 781 νέος

99 784 271 839 quidam
293 784 516 842 φωςφόρος
539 797 712 826 exortus
735 796 811 834 est,
847 785 922 839 qui
941 786 1262 839 pronuntiavit,
1300 787 1561 842 paedagogi..

96 841 137 880 ci
157 841 324 896 ingenii
348 858 450 894 esse,
482 857 627 882 versus
645 842 915 892 Homericos,
949 857 1041 882 cum
1063 842 1294 896 aliquando
1311 857 1332 880 a
1347 844 1559 884 veteribus

94 897 408 951 producuntur,
442 899 606 938 Gallice
625 909 884 940 convertere.
930 898 995 937 Ad
1020 913 1067 938 ea
1091 900 1196 966 quid
1221 899 1351 950 dicas,
1381 902 1556 952 Lector,

93 954 194 1005 nisi,
227 953 311 1008 ὂός,
342 951 376 998 ὦ
395 961 481 1007 παῖ,
515 954 585 1005 ὂὸς
613 957 697 1008 ἐμοὶ
719 954 903 1010 λεκάνην,
934 958 1095 1009 ἐμεσείω
1115 973 1214 1010 γαρς

135 1092 147 1107 Ι
206 1040 306 1094 Pag.
340 1045 434 1084 111.
462 1042 491 1081 1.
522 1044 563 1083 7.
598 1039 827 1095 Πάνσοφον
847 1040 892 1083 τὸ
920 1044 1083 1096 χρῆμα)
1114 1039 1367 1096 Legendum
1394 1039 1560 1085 πάνσο-

91 1111 175 1148 φον
190 1113 227 1139 τι
246 1101 389 1152 χρῆμα.

204 1180 308 1222 Eacl.
338 1184 365 1223 l.
399 1186 464 1225 12.
490 1178 658 1237 ”.Ωςπερ
679 1184 722 1225 οἷ
735 1181 805 1228 τὸν,
829 1181 1034 1237 πλοῦτον)
1064 1182 1307 1222 Delendum
1329 1180 1481 1239 ὥςπερ,
1514 1193 1558 1225 et

91 1235 363 1277 scribendum
387 1241 438 1289 οἷ,
470 1240 821 1294 jungendumque
839 1255 932 1279 cum
953 1239 1316 1294 συνδεδρομήκασι.

204 1321 305 1376 Pag.
338 1329 433 1367 112.
463 1325 492 1365 l.
525 1330 567 1368 2.
601 1323 751 1379 Μάζα)
781 1324 908 1364 Nihil
939 1323 1077 1372 aliud,
1112 1338 1234 1377 quam
1265 1324 1413 1376 ἄλφιτα
1437 1326 1556 1383 ἐλαίῳ

88 1381 344 1432 πεφυρμένα.
407 1381 606 1421 Ceterum
637 1381 850 1436 dignitate
871 1382 973 1434 pani
995 1379 1193 1419 cedebat:
1235 1395 1330 1420 nam
1350 1396 1402 1420 ex
1434 1383 1556 1421 Solo..

89 1435 158 1474 nis
200 1436 402 1478 instituto
440 1436 547 1490 μάζα
587 1452 663 1491 pro
695 1439 818 1477 festis
849 1437 997 1476 diebus
1038 1437 1083 1475 in
1113 1439 1326 1489 Prytaneo
1364 1437 1556 1478 dabatur.

87 1491 214 1543 panis
235 1503 390 1545 autem,
412 1495 547 1534 festis.
581 1494 708 1533 docet
728 1494 970 1535 Athenaeus.
997 1490 1136 1535 Σόλων
1162 1495 1202 1534 δὲ
1224 1500 1307 1542 τοῖς
1336 1495 1376 1535 ἐν
1399 1511 1559 1547 πρυτα-

85 1548 179 1602 νείῳ
200 1552 449 1603 σιτουμένοις
468 1549 596 1604 μάζαν
613 1552 796 1605 παρέχειν
817 1550 981 1600 κελεύει,
1004 1550 1126 1604 ἄρτον
1147 1551 1188 1593 δὲ
1205 1557 1287 1598 ταῖς
1304 1551 1461 1605 ἑορταῖς
1480 1564 1555 1592 πα-

82 1603 304 1655 ρατιθὲναι.

200 1685 304 1726 Ead.
336 1692 366 1726 1.
398 1693 437 1729 4.
464 1685 823 1741 Ἐννεᾶκρουνυς)
854 1691 968 1728 Fons
992 1689 1051 1727 ita
1080 1689 1218 1728 dictus
1238 1690 1443 1741 Athenis,
1479 1691 1554 1745 qui

89 1737 244 1781 deinde
275 1740 476 1794 Καλλιρόη
500 1752 678 1780 vocatus
708 1754 795 1785 est.
830 1755 875 1782 ut
902 1744 1053 1782 scribit
1077 1748 1397 1798 Harpocration,
1433 1758 1473 1786 et
1499 1763 1554 1786 ex

90 1811 141 1837 eo
163 1797 322 1840 Suidas.
343 1798 566 1852 Hesychius
579 1808 718 1837 autem
738 1800 782 1838 in
797 1799 875 1838 hac
897 1814 1003 1838 voce
1024 1803 1199 1840 mutilus
1220 1811 1293 1840 est.
1326 1803 1553 1857 legendum

87 1854 201 1893 enim
226 1854 339 1907 apud
366 1869 460 1893 eum
481 1865 556 1904 est,
591 1855 794 1910 Καλλιρόη
817 1859 946 1911 κρήνη
967 1857 1008 1896 ἐν
1023 1854 1239 1909 Ἀθήναις.

203 1938 306 1980 Εαᾶ.
351 1942 380 1982 l.
424 1944 489 1984 13.
542 1940 816 1994 Κυματώδους
847 1944 949 1996 γῆς)
990 1941 1231 1991 Glossema3
1270 1956 1368 1981 vera
1410 1950 1552 1982 autem

80 1993 218 2034 ·1ectio
270 1995 316 2034 in
355 1997 439 2038 Ms.
494 1996 600 2037 Cod.
652 1999 756 2052 Reg.
806 1998 1038 2048 reperitur,
1087 1998 1324 2053 κυματώγης
1363 2000 1553 2052 scilicet;

88 2065 198 2104 quae
235 2066 321 2092 vox
362 2051 412 2090 ab
455 2052 661 2093 Eustatlzio
712 2055 758 2092 in
808 2053 964 2106 Odyss.
1008 2055 1241 2105 exponitur
1289 2052 1387 2108 (Ξκτὴ
1447 2056 1552 2096 ἔνθα

86 2106 237 2160 δηλαδὴ
267 2106 316 2149 τοὶ
337 2108 494 2162 κύματα
520 2107 699 2165 ἄγνυται,
741 2120 982 2165 monetque,
1018 2124 1107 2147 eam
1135 2125 1281 2150 vocem
1314 2109 1427 2164 apud
1462 2112 1551 2150 Hc-

85 2163 267 2203 rodotum
296 2166 495 2219 reperiri3
547 2176 588 2206 et
620 2182 714 2206 vere
744 2175 913 2217 monet,
946 2181 1041 2204 nam
1075 2166 1210 2205 sexies
1245 2169 1402 2220 septies
1433 2168 1549 2220 apud

85 2218 397 2261 nobilissimum
427 2222 548 2262 illum
586 2224 835 2275 scriptorem
873 2223 1070 2262 occurrit.
1132 2223 1284 2276 Itaque
1318 2223 1549 2278 indiligen-

84 2274 189 2313 tiam
228 2276 377 2317 Suidae
419 2279 565 2317 mirari
609 2279 748 2328 subit,
795 2279 868 2332 qui
916 2278 1026 2316 nihil
1075 2285 1126 2317 ad
1165 2293 1331 2317 manum
1377 2279 1544 2329 habuit,

85 2343 178 2368 cum
206 2331 250 2369 in
278 2333 387 2373 hanc
411 2349 557 2375 vocem
584 2335 805 2385 scriberet,
838 2345 1000 2387 praeter
1030 2336 1230 2387 Agatlzlae
1255 2339 1405 2376 locum.
1462 2336 1547 2375 Sed

83 2386 305 2441 antiquum
342 2390 509 2430 obtinet
540 2391 653 2433 Suid.
676 2393 784 2431 solet
812 2392 984 2442 etenim,
1018 2393 1223 2445 neglectis
1246 2391 1458 2442 mnibus,
1491 2392 1545 2431 ad

82 2444 341 2484 recentiores
363 2445 595 2490 decurrere.

193 2527 289 2583 Peg.
323 2534 415 2575 113.
444 2533 472 2571 l.
503 2536 542 2574 2.
574 2530 713 2588 Αὐτῷ)
752 2535 864 2587 Lege
884 2537 1049 2590 σεαυτῷ.

192 2612 295 2655 Eud.
326 2617 355 2655 1.
386 2619 428 2659 4.
467 2612 686 2671 Τάλαντον)
716 2618 801 2657 Ms.
820 2615 1102 2671 ἡμιτάλαντον·

190 2697 294 2739 Εαίῖ.
329 2702 356 2738 l·
389 2705 430 2743 8.
462 2699 766 2756 Αἰγινητικούς)
788 2700 852 2739 Ad
873 2702 1116 2742 ridiculum.
1132 2716 1226 2740 nam
1257 2713 1447 2740 mensura
1462 2700 1538 2740 Ae-

76 2749 264 2803 ginetica
286 2757 434 2796 ceteris
452 2758 663 2797 mensuris
683 2768 774 2797 erat
794 2759 997 2812 amplior,
1028 2769 1141 2798 certe
1160 2757 1315 2797 Attica.

1103 2816 1154 2854 M
1170 2830 1209 2853 ιιι
1241 2819 1267 2857 Ξ),
