1778 3194
490 298 521 326 n
558 293 844 326 JUDtanM
878 289 1226 337 vocamen„
1460 280 1560 326 349

88 395 192 435 viris
214 403 339 448 atque
359 393 578 443 heroibus,
595 407 773 447 quorum
796 388 1024 429 audacibus
1042 389 1224 441 inceptis
1246 403 1382 428 rerum
1408 398 1561 428 natura

89 451 235 492 cedere
256 451 426 490 videtur
450 459 491 489 et
511 449 780 504 morigerari,
813 447 975 485 locutio
1012 459 1097 484 non
1130 447 1232 483 solis
1267 445 1561 484 Orientalibus

87 508 278 562 propria:
310 507 526 547 notissimi
546 517 647 546 sunt
671 502 885 546 Claudiani
903 516 1047 543 versus
1067 501 1118 541 de
1139 502 1220 542 III.
1242 501 1371 542 Cons.
1390 502 1558 545 Honor.

87 579 129 606 v.
152 568 221 608 97.

306 644 363 654 -—-
392 624 457 661 cui
474 619 620 660 militat
637 618 785 670 aether,

305 679 358 717 Et
383 680 578 728 conjurati
596 678 751 715 veniunt
768 675 823 714 ad
840 674 1009 716 classica
1025 673 1140 714 venti.

91 735 216 775 istam
256 734 498 773 habuerunt
537 731 739 771 adulandi
778 746 920 771 ansam
971 731 1221 784 Sophistae:
1281 726 1368 770 vid.
1411 730 1564 773 Lz'ban.¹

90 795 140 833 Τ.
166 792 224 830 Π.
245 806 296 845 Vp.
324 796 417 833 141.
443 789 491 830 C.
553 788 692 838 Hinc,
726 789 762 826 si
794 787 896 842 quid
929 786 1185 826 difficillimo
1218 795 1409 839 tempore
1438 803 1563 841 prae-

89 857 154 888 ter
206 847 396 887 ordinem
445 848 677 884 naturalem
719 845 929 884 evenisset
951 876 962 894 ‚
1015 843 1067 882 ad
1115 856 1237 881 omen
1285 844 1561 896 prosperrimi

90 918 305 943 successus
345 902 589 955 rapiebant:
635 904 753 940 velut
793 903 837 939 in
882 901 1046 939 minore
1089 899 1226 951 Cyro,
1281 909 1328 937 ut
1368 900 1561 952 pluribus

89 959 406 1013 supersedeam,
449 973 541 996 cum
589 967 753 1009 praeter
787 972 901 1011 spem
943 955 1186 1010 Euphrates
1214 956 1305 994 vias
1340 970 1561 1009 nunquam

89 1026 187 1055 ante
216 1015 402 1054 humano
441 1014 628 1067 vestigio
660 1013 788 1053 initas
822 1014 1079 1066 aperuisset,
1123 1009 1255 1054 ἐδόκει
1286 1018 1402 1054 θεῖον
1434 1011 1561 1063 εἶναι,

87 1073 153 1114 καὶ
175 1076 315 1124 σαφῶς
331 1069 593 1124 ὑποχωρῆσαι
612 1068 682 1112 τὸν
703 1069 885 1123 ποταμὸν
917 1067 1034 1124 Κύρῳ
1056 1066 1109 1117 ὥς
1129 1067 1418 1122 βασιλεύσοντι.
1515 1070 1564 1108 'e-

87 1129 204 1182 ηορῆ.
232 1128 333 1180 cyr.
355 1142 451 1180 exp.
476 1129 511 1167 I.
541 1141 581 1180 p.
617 1130 711 1171 151.
733 1142 775 1166 v.
809 1131 876 1170 29.
940 1125 1056 1179 Quid
1089 1136 1227 1164 autem
1260 1126 1303 1162 in
1337 1140 1412 1176 eo,
1445 1123 1563 1178 quod

86 1199 166 1238 pro
187 1190 297 1240 καλῷ
313 1183 514 1223 nonnulli
533 1182 673 1232 ταλὸν,
707 1185 780 1222 alii
811 1198 886 1237 pro
928 1181 1054 1239 Κύρῳ
1087 1182 1188 1220 satis
1219 1181 1402 1220 ridicule
1438 1186 1564 1234 τῦρον

88 1241 303 1288 dicerent,
336 1241 515 1278 maxime
533 1240 736 1278 Lucianns
757 1239 1036 1292 spectaverit,
1070 1253 1134 1277 me
1165 1253 1251 1277 non
1274 1241 1400 1291 plane
1422 1238 1564 1290 pervi-

88 1295 189 1341 dere
218 1298 379 1335 fateor:
414 1295 464 1334 de
495 1297 659 1334 Dorica
702 1295 886 1335 dialecto
926 1309 1019 1334 eum
1053 1295 1241 1348 cogitare
1267 1294 1458 1347 potuisse
1487 1294 1564 1332 vix

90 1352 236 1403 credo,
268 1353 428 1406 quippe
455 1365 563 1404 quae
587 1353 710 1391 certis
733 1352 898 1406 legibus
929 1351 1247 1403 circumscripta
1281 1350 1564 1389 mutationem

86 1408 278 1449 literaen
299 1408 441 1449 inzin
474 1407 725 1461 quibusdam
764 1423 946 1460 semper,
978 1408 1021 1445 in
1055 1407 1174 1456 aliis,
1210 1421 1388 1459 quorum
1407 1407 1451 1444 in
1486 1421 1564 1444 nu·-

88 1479 203 1503 mero
235 1464 309 1502 has
338 1474 539 1516 utrasque
565 1460 704 1503 ‘voces
731 1479 936 1517 reponere
970 1464 1095 1512 licet,
1129 1477 1344 1515 nunquam
1376 1461 1561 1501 admisit.

88 1520 154 1558 An
171 1520 324 1558 vitium
344 1521 515 1574 linguae
537 1520 833 1573 significavit?
865 1523 987 1573 quale
1008 1520 1051 1557 in
1076 1519 1316 1557 infantibus
1339 1533 1476 1569 saepe,
1493 1532 1564 1556 ra-

88 1577 178 1615 rius
200 1576 243 1615 in
269 1576 423 1614 adultis
447 1575 826 1621 animadvertitur,
851 1585 900 1614 ut
920 1576 975 1614 ob
996 1573 1308 1627 pronuntiandi
1329 1573 1561 1612 difficulta-

86 1641 170 1671 tem
192 1647 215 1671 a
252 1630 405 1674 Κάππα
432 1628 659 1670 deflectant
692 1631 745 1670 ad
782 1636 873 1672 Ταῦ.
908 1630 952 1669 id
988 1631 1093 1668 mihi
1129 1629 1347 1682 probabile
1377 1629 1561 1669 videtur.

88 1689 287 1728 Ceterum
317 1689 511 1727 observat
543 1687 679 1727 Schol.
715 1688 902 1741 Sophocl.
927 1687 979 1726 ad
1017 1685 1173 1738 Oedip.
1199 1687 1244 1724 in
1268 1686 1359 1728 Col.
1381 1701 1420 1725 v.
1443 1689 1563 1730 1316..

89 1745 165 1799 qui
199 1746 293 1784 aliis
321 1744 453 1784 fuerit
485 1746 663 1795 Talaus,
714 1744 896 1783 eundem
941 1744 1047 1782 alios
1084 1742 1319 1796 adpellasse
1362 1743 1562 1782 calaum:

83 1803 184 1843 ἔνιοι
213 1799 262 1843 οὗ
291 1799 360 1842 τὸν
385 1798 634 1851 Ἀταλάντης
674 1806 999 1854 Παρθενοπαῖον
1029 1801 1127 1851 φασὶ
1166 1804 1421 1852 στρατεῦσαι,
1464 1794 1564 1839 ἇλλιὲ

86 1857 156 1899 τὸν
173 1848 365 1908 ιΓαλαοῦ,
397 1855 444 1898 ὃν
465 1859 563 1898 ἔνιοι
585 1854 650 1897 διὰ
672 1862 745 1898 τοῦ
765 1873 792 1898 ν,
825 1855 989 1897 Καλαόν
1018 1855 1362 1910 προςαγορεύουσι
1378 1889 1389 1907 ,
1431 1854 1564 1896 καθά·-

87 1930 162 1968 περ
176 1910 437 1967 Ἀρίσταρχος
456 1910 478 1954 ὁ
506 1908 699 1966 Τεγεάτης
725 1914 793 1954 καὶ
823 1916 1021 1965 Φιλοκλῆς
1054 1915 1306 1965 ἱστοροῦσιν·
1338 1913 1564 1966 συγγραφὲ·

91 1987 148 2011 ων
184 1971 226 2012 δὲ
249 1967 504 2017 Ἑκαταῖος-ὅ
533 1968 749 2019 Μιλήσιος.
789 1970 973 2008 ΗεΜετ.
1043 1968 1303 2020 Scripturam
1332 1965 1384 2009 τὸ
1417 1967 1465 2009 δὲ
1494 1967 1565 2007 καὶ

86 2024 237 2081 τούτῳ,
285 2041 408 2078 quam
434 2026 477 2062 in
514 2025 707 2064 omnibus
750 2024 867 2062 libris
910 2023 1196 2076 deprehendi,
1239 2033 1280 2063 et
1309 2038 1390 2077 qua
1426 2037 1562 2063 nexus

89 2083 297 2121 orationis
325 2081 576 2133 impeditur,
616 2080 779 2119 mutavi
811 2080 855 2117 in
887 2078 1006 2122 τόδε
1045 2081 1111 2120 καὶ
1151 2077 1290 2132 τούτῳ.
1362 2080 1562 2119 Ceterum

89 2137 244 2178 Hemst.
269 2153 353 2177 rem
381 2152 457 2175 acu
489 2136 662 2176 videtur
693 2136 910 2190 tetigisse,
947 2150 1076 2189 quum
1117 2136 1272 2174 vitium
1302 2136 1475 2189 lingua«³
1509 2134 1560 2173 ab

90 2205 261 2234 auctore
304 2193 537 2247 significari
565 2193 751 2246 putavit.
811 2193 943 2231 Felici
974 2192 1139 2231 scilicet
1170 2192 1401 2244 hyperbole
1435 2191 1562 2230 litera

87 2256 130 2292 Σ
145 2264 230 2289 rem
250 2250 301 2289 ad
320 2248 541 2288 absurdum
567 2260 607 2288 et
628 2249 854 2287 ridiculum
880 2247 1075 2301 perducit
1090 2249 1423 2301 ,perstringens
1448 2247 1561 2286 obli-

91 2319 173 2359 que
198 2320 341 2345 eorum
361 2306 662 2344 Graeculorum
690 2304 1042 2343 consuetudinem
1062 2336 1073 2353 ,
1109 2304 1182 2357 qui
1206 2304 1357 2342 vitium
1382 2301 1562 2353 aliquod

85 2363 258 2416 linguae
277 2363 517 2399 simulatum
540 2361 822 2400 adfectarunt.
857 2361 983 2399 Unde
1002 2360 1108 2399 dicit
1129 2375 1227 2398 mox
1260 2359 1456 2399 effectum
1480 2358 1558 2409 iri,

86 2427 159 2467 ut,
206 2419 241 2456 si
274 2427 439 2456 constet
472 2416 553 2454 sibi
584 2419 732 2456 literae
758 2419 794 2456 T
817 2417 1058 2471 arrogantia
1086 2427 1127 2455 et
1156 2415 1339 2454 habendi
1371 2414 1558 2468 cupido,

87 2475 352 2527 ulteriusque
381 2487 427 2511 ea
452 2473 522 2510 via
556 2473 876 2526 progrediatur,
909 2488 1006 2511 mox
1038 2488 1059 2511 e
1099 2487 1202 2511 voce
1224 2476 1373 2524 κλῆμα,
1405 2475 1556 2523 τλῆμα,

87 2537 130 2568 et
152 2544 173 2569 e
198 2530 371 2569 maximi
394 2529 504 2582 regis
527 2530 698 2568 nomine
727 2544 872 2568 caseus
912 2528 1076 2568 evadat.
1113 2528 1355 2566 Hodienum
1384 2541 1557 2580 quoque

85 2594 127 2623 et
148 2586 259 2625 inter
281 2595 490 2624 nostrates
512 2584 755 2636 hujusmodi
786 2586 912 2624 mirae
932 2594 974 2624 et
994 2584 1201 2623 ridiculae
1229 2584 1440 2623 stultitiae
1464 2596 1557 2623 non.

85 2654 219 2694 pauca
236 2651 403 2682 exstant
423 2644 625 2694 exempla.
659 2641 816 2683 me.
1344 2652 1348 2655 “

198 2753 299 2795 Εαᾶ.
330 2758 358 2795 l.
381 2758 422 2797 7.
465 2758 603 2808 Κῦρον
634 2749 757 2797 αὐτὸν
786 2752 910 2804 ὄντα)
940 2755 997 2793 Et
1027 2768 1118 2794 cum
1151 2754 1191 2793 ei
1226 2753 1362 2808 Cyrus
1396 2765 1554 2793 nomen

88 2807 274 2850 inditum
305 2812 380 2860 sit,
421 2811 467 2850 in
498 2815 620 2867 zsfizgov
659 2811 867 2866 quendam
894 2812 1032 2853 fetum
1063 2811 1221 2852 animal
1251 2812 1559 2853 transformat-a
