1778 3194
195 218 310 252 xxvl
502 215 1069 263 DEAETA'1·E‚
1141 217 1361 254 VITA

195 318 386 361 obducto
398 317 610 358 occultare
627 314 771 367 sciret,
785 315 1183 369 cognominaretur.
1197 317 1340 372 Hujus
1353 319 1666 379 philosophiae

193 387 423 443 (Efln'cae)
445 399 493 426 se
512 383 822 425 admiratorem
850 386 989 427 fuisse
1011 395 1054 428 et
1076 395 1353 441 sectatorem,
1382 390 1478 444 ipse
1503 393 1669 432 fatetur

193 457 245 498 in
267 455 383 496 Dial.
406 454 650 505 Piscator-is,
687 454 764 494 ubi
790 455 952 510 apertis
973 457 1121 497 verbis
1145 456 1435 509 interroganti
1453 456 1668 499 Philoso-

195 525 330 579 phiae
351 523 597 580 profitetur,
629 521 797 560 duarum
817 525 961 563 artium
993 540 1032 563 se
1052 526 1232 564 scientem
1251 542 1340 576 esse,
1373 526 1558 566 Amandi
1577 529 1669 566 vir-

192 602 337 643 intem,
372 604 406 632 ct
429 591 531 631 Odio
555 591 813 646 prosequendi
834 593 943 631 vitia.
1005 591 1302 635 saevissimus
1331 603 1481 636 autem
1501 594 1668 636 adver—

195 675 270 702 sus
292 661 585 717 philosophos
607 661 691 699 suit
712 660 929 700 virtutum
951 659 1132 700 nomine
1153 663 1406 715 abutentes,
1441 663 1515 719 qui
1538 677 1668 703 sum-

196 731 260 771 mi
283 731 388 771 boni
408 730 506 769 vice
532 729 762 778 honorem,
793 729 979 779 lucrum,
1010 729 1286 782 voluptatem
1304 733 1531 773 luxuriose
1550 731 1668 771 amb-

190 798 325 849 irent,
349 797 597 837 effeminati
618 796 745 836 mimi
767 796 908 836 instar
927 795 1154 837 Achillem
1176 800 1252 839 vel
1275 798 1502 842 Theseum
1523 798 1668 854 expri-

192 874 391 917 merent,
423 865 603 906 leonina
624 866 742 918 pelle
765 863 935 915 induti,
967 863 1024 909 ad
1045 862 1230 906 Cumani
1253 869 1368 909 asini
1391 868 1668 923 exemplum,

191 935 327 975 barba
354 934 563 975 nimirum
577 967 586 985 ,
627 933 826 987 incessu,
864 934 1050 978 induvio
1064 966 1075 987 ‚
1116 935 1448 992 philosophiam
1484 933 1670 977 mentiri

191 1000 354 1044 infami
375 1001 523 1044 studio
548 1002 881 1045 contenderent.

311 1116 430 1156 Vives
451 1117 658 1175 equidem
687 1118 739 1159 ad
758 1118 1127 1177 proscindendam
1148 1119 1480 1176 philosophiam
1498 1115 1671 1160 invidia

190 1182 401 1225 Plutarchi
433 1184 758 1228 Chaeronensis
793 1188 1034 1243 impulsum
1070 1189 1209 1229 fuisse
1244 1188 1418 1239 scribit,
1458 1200 1590 1244 quem
1616 1186 1667 1226 in

190 1265 350 1304 magno
372 1255 545 1295 honore
567 1269 663 1296 esse
686 1256 803 1312 apud
816 1256 1055 1307 Trajanum
1077 1254 1310 1298 Caesarem
1330 1255 1500 1296 invitus
1523 1262 1568 1294 et
1590 1251 1666 1294 do-

188 1318 290 1359 lens
312 1319 513 1362 vidisset.
549 1322 657 1374 [sed
685 1333 801 1364 errat
831 1324 970 1375 Vives,
1003 1331 1053 1365 ut
1075 1322 1263 1376 Vossiu3‚
1293 1332 1395 1380 post
1413 1334 1576 1380 paucas
1593 1334 1668 1377 pa-

188 1387 315 1439 ginas
336 1388 623 1443 adlegandus‚
657 1391 887 1446 ostendit]
946 1392 958 1403 ”

302 1500 492 1545 l'olitiae
517 1505 650 1547 etiam
676 1515 719 1548 et
744 1506 1043 1548 Oeconomiae
1056 1506 1280 1548 studiosus
1298 1505 1398 1558 fuit,
1419 1503 1670 1561 quodidem

187 1564 350 1624 scripta
373 1573 467 1621 ejus
488 1581 731 1614 testantur:
764 1583 813 1615 ut
833 1590 930 1616 cum
949 1578 1039 1627 jam
1062 1576 1223 1626 senior,
1256 1574 1372 1630 quod
1391 1573 1543 1614 scribit
1559 1571 1667 1612 Gilb.

191 1636 402 1690 Cognatas,
424 1639 470 1679 in
492 1642 639 1682 aulam
661 1650 704 1682 et
727 1644 944 1683 familiam
966 1641 1164 1684 Caesaris
1186 1656 1233 1683 se
1256 1642 1531 1693 contulisset,
1551 1639 1670 1681 Pro-

189 1706 401 1747 curatoris
421 1706 639 1765 Principis
666 1709 966 1753 conditionem
984 1712 1216 1767 acceperit.

305 1819 436 1872 Quod
467 1821 520 1863 ad
549 1824 930 1873 exercitationem,
965 1824 1115 1867 docuit
1135 1827 1240 1867 viva
1260 1837 1395 1876 voce,
1428 1832 1473 1865 et
1492 1822 1668 1878 scriptis

188 1887 396 1929 similiter
412 1891 631 1932 inclaruit.
671 1891 834 1933 Adhuc
854 1896 1067 1944 juvenem
1085 1894 1132 1933 in
1154 1892 1311 1942 Gallia,
1345 1901 1390 1933 et
1411 1892 1509 1933 aliis
1529 1892 1576 1931 in
1590 1892 1667 1930 lo-

189 1955 249 1995 cis
280 1954 568 1999 Rhetoricam
599 1962 850 2014 professum
881 1973 928 2000 se
952 1974 1073 2012 esse,
1112 1962 1307 2017 ipsemet
1324 1966 1538 2000 testatur:
1578 1973 1666 2015 quo

188 2037 277 2064 non
301 2023 580 2078 succedente,
612 2036 661 2067 ut
686 2026 834 2067 suidas
856 2029 978 2080 vult,
1012 2028 1068 2068 ad
1093 2027 1374 2070 scribendum
1395 2040 1442 2068 se
1465 2027 1666 2068 contulit.

301 2136 414 2178 Sunt
437 2146 586 2180 autem
610 2143 703 2192 ejus
726 2142 886 2197 scripta
908 2156 1037 2198 quam
1058 2143 1264 2198 plurima,
1282 2155 1471 2198 quorum
1493 2153 1667 2182 caussas

187 2219 355 2257 omnes,
389 2209 722 2262 quanta-licebit
744 2210 976 2262 brevitate,
1008 2210 1380 2252 enumerabImus.
1421 2208 1669 2250 Finisillo-

184 2287 284 2315 rum
307 2276 391 2314 suit
412 2276 578 2316 veritas
600 2282 644 2314 et
677 2277 820 2317 virtus
853 2276 1120 2329 adserenda,
1154 2284 1207 2319 'et
1229 2286 1278 2318 ut
1304 2278 1378 2317 vel
1395 2276 1486 2316 suis
1508 2278 1667 2318 saltem

184 2343 368 2382 monitis
388 2345 644 2385 exorbitans
660 2344 906 2388 humanum
929 2359 1068 2400 genus
1094 2346 1143 2386 in
1171 2347 1293 2389 viam
1313 2344 1503 2399 rediret,
1534 2353 1580 2386 et
1599 2359 1665 2386 sa·

185 2422 292 2465 pere
314 2409 515 2453 disceret.

300 2523 462 2565 Verbis
484 2524 538 2566 ad
560 2526 643 2567 hoc
664 2541 768 2568 usus
789 2536 868 2580 est,
903 2545 1000 2571 cum
1021 2527 1216 2571 Asianus
1236 2516 1386 2580 suerit,
1407 2529 1551 2582 tersis,
1582 2528 1663 2570 in-

187 2594 319 2646 genio
342 2608 388 2634 ac
405 2595 602 2637 moribus
622 2597 712 2636 suis
732 2599 1094 2650 congruentibus:
1127 2606 1214 2638 tam
1233 2605 1334 2654 apta
1356 2598 1582 2644 facilitate„
1610 2604 1662 2639 ut

189 2673 467 2702 communem
492 2664 703 2719 loquendi
734 2667 1000 2719 elegantiam
1018 2668 1130 2708 miro
1151 2679 1352 2707 successu
1375 2667 1661 2721 expresserit,

188 2732 410 2786 rebusque
433 2729 630 2775 dicendis
657 2734 1024 2792 adcommodarit‚
1055 2743 1106 2778 ut
1127 2743 1170 2778 et
1198 2735 1270 2778 his
1298 2735 1493 2778 simulet
1514 2735 1570 2777 iis
1584 2735 1660 2774 le-
