1778 3194
192 242 294 288 486
526 250 1289 285 ADNoTA'ronEs

194 351 299 392 hino
330 350 440 390 falso
473 349 676 404 colligere
704 347 879 388 videtur
910 347 1176 398 lVielandius,
1212 362 1420 389 summum
1451 348 1573 390 illum
1603 350 1680 390 vi·-

194 423 289 449 rurn
319 406 370 446 de
402 407 626 447 authentia
655 405 791 445 libelli
832 419 922 445 non
955 404 1183 446 dubitasse.
1260 403 1424 446 Contra
1456 406 1681 460 probabile

198 475 288 513 est,
318 478 412 502 eum
445 466 490 502 in
520 464 629 513 illis,
664 477 771 516 quae
801 471 899 501 ante
928 461 1069 515 ipsum
1102 476 1125 499 a
1155 461 1261 501 viris
1293 461 1444 502 doctis
1457 463 1681 502 observata

199 530 334 570 erant,
359 521 630 574 acquievisse
651 519 728 569 ita,
750 529 800 557 ut
819 518 932 557 nihil
954 517 1038 558 sibi
1059 517 1300 557 addendum
1322 529 1506 572 putaret.
1549 518 1683 572 Quod.

199 576 288 617 nisi
319 577 379 615 ita
403 588 533 627 esset,
566 575 680 615 haud
711 575 842 615 dubie
861 589 938 628 pro
962 589 1076 614 more
1108 589 1185 614 suo
1220 590 1392 614 caussae
1413 576 1589 615 Luciani
1615 574 1684 615 sui

199 647 292 673 non
315 632 522 673 defuisset
545 631 737 674 tacendo.
798 632 979 671 Interim
1005 641 1144 671 tamen
1176 632 1326 672 lubens
1353 632 1577 672 Wielandio
1599 631 1684 670 ad·-

200 690 388 740 sentior,
425 692 620 730 leomam
638 690 803 730 Morum
822 688 1122 739 (Marcilium)
1142 689 1406 727 morositatis
1433 699 1476 728 et
1508 687 1686 740 cupidi-

202 747 306 787 tatis
336 747 576 797 incusanti,
623 746 741 801 quod
772 746 807 784 is
848 745 950 784 huic
983 744 1157 800 dialogo
1183 745 1423 785 dictionem
1450 749 1609 784 lentam
1642 753 1687 784 et

205 803 483 854 oscitantem,
528 814 620 842 tum
661 803 972 842 sententiarum
1007 802 1225 841 levitatem
1261 811 1304 841 et
1337 810 1685 856 argumentorum

204 859 343 914 frigus
376 871 419 900 et
443 859 721 899 delirationes
747 858 1093 913 explobraverit:
1127 874 1307 913 quorum
1331 858 1522 896 omnium
1546 870 1689 910 neque

204 930 285 971 ego
309 917 543 970 quidquam
567 916 628 953 ibi
655 916 807 968 reperi.
869 916 960 954 Imo
994 915 1139 967 potius
1159 914 1474 954 Socraticorum
1494 923 1687 953 veterum

204 982 296 1010 tum
321 972 614 1026 disciplinam,
651 982 739 1011 tum
761 972 1023 1021 orationem,
1057 970 1173 1009 haud
1205 970 1439 1011 difficulter
1469 979 1687 1026 agncwsset,

204 1042 338 1083 penes
361 1043 485 1082 quem
515 1044 657 1068 earum
686 1042 826 1081 retugn
850 1026 1059 1082 judicium
1081 1037 1143 1067 est
1173 1038 1214 1067 et
1234 1027 1472 1066 arbitrium.
1538 1027 1689 1065 Lenlvr

319 1083 840 1135 Εαιὶ.1.15.Ἀφωνα)
872 1083 1077 1124 caussam
1110 1082 1250 1123 adfert
1274 1082 1534 1133 Aristoteles,
1574 1081 1692 1136 quod.

205 1140 277 1180 his
300 1155 440 1195 neque
474 1145 622 1195 pulmo
654 1143 732 1188 sit.
775 1155 915 1195 neque
940 1139 1118 1190 euteria,
1152 1154 1294 1194 neque
1314 1150 1478 1195 guttur.
1537 1140 1693 1182 Horat.

207 1197 255 1239 in
280 1197 388 1239 Odis
412 1199 511 1252 (IV,
533 1205 573 1248 3,
606 1203 671 1241 19.
692 1197 815 1251 20.):

435 1255 473 1295 Ο
504 1258 622 1295 mutis
653 1271 804 1310 quoque
826 1254 1002 1310 piscibus

427 1312 640 1353 Donatum,
662 1315 795 1382 cygni,
828 1315 862 1351 si
893 1311 1035 1361 libeat,
1067 1325 1220 1351 sonum.

207 1366 383 1408 Lucz‘an.
417 1368 463 1406 in
489 1369 638 1408 Gallo.
667 1367 769 1410 πολὺ
801 1364 1064 1435 ἀφωνότερος
1089 1368 1228 1419 ε-’σομαι
1256 1381 1338 1406 των
1373 1362 1554 1419 izai-mv
1596 1363 1694 1406 adv.

208 1424 380 1466 Indoct.
405 1430 557 1476 μαλλον
575 1443 656 1473 των
676 1423 832 1478 ἰχθύων
852 1422 1114 1493 ἀφωνότερος
1132 1423 1176 1466 εἴ.
1239 1423 1387 1464 (30οΝ

329 1481 429 1522 Easl
460 1485 491 1524 l.
526 1487 592 1527 18-
638 1480 822 1530 Παλαιὸς
851 1478 892 1522 ἆ.
924 1479 1170 1535 μεμύθευται,
1197 1476 1344 1534 λόγος)
1390 1478 1576 1519 Occasio
1604 1477 1698 1517 dis-

209 1538 453 1591 putationis
472 1538 560 1576 fuit
579 1538 726 1578 fabula
753 1537 804 1576 de
827 1538 967 1589 Ceyce
990 1548 1032 1576 et
1054 1538 1293 1590 Halcyone.
1347 1536 1397 1574 In
1421 1535 1538 1574 hunc
1561 1535 1694 1575 ferme

209 1593 386 1632 modum
414 1593 594 1632 habetur
628 1594 744 1647 apud
769 1594 885 1634 Ouid.
915 1595 1094 1633 Metam.
1126 1593 1201 1632 lib.
1223 1592 1301 1641 XI,
1332 1596 1431 1635 420.
1462 1590 1583 1645 Ceyx
1605 1592 1697 1630 Lu·

212 1649 341 1688 ciferi
355 1650 470 1687 filius
495 1650 754 1690 Trachiniae
773 1665 849 1690 rex
873 1651 1142 1701 Halcyonem
1165 1649 1317 1687 habuit
1340 1663 1536 1700 uxorem,
1530 1667 1538 1674 ·
1569 1662 1592 1686 a
1613 1661 1698 1701 qua

210 1720 309 1745 cum
331 1705 577 1759 prohibitus
598 1707 702 1746 isset
731 1705 784 1744 ad
820 1705 1132 1744 consulendum
1160 1704 1407 1759 Apollinem
1432 1704 1623 1743 Clarium
1646 1703 1698 1744 de

211 1772 332 1801 statu
354 1762 502 1817 regni,
537 1762 765 1815 naufragio
787 1762 939 1815 periit:
974 1765 1095 1812 eujus
1128 1775 1286 1814 corpus
1314 1774 1409 1799 cum
1445 1760 1497 1799 ad
1522 1774 1698 1800 uxorem

213 1817 401 1857 delatum
422 1818 611 1857 fuisset'
599 1833 645 1856 ln
668 1817 950 1866 Trachinem,
983 1816 1144 1856 doloris
1164 1817 1394 1870 impatiens
1416 1816 1491 1856 illa
1516 1817 1560 1855 in
1587 1831 1701 1857 mare

213 1889 261 1915 se
301 1874 617 1927 praecipitavit.
685 1874 841 1914 Postea
880 1872 1158 1913 miseratione
1190 1873 1388 1913 Thetidis
1425 1882 1470 1914 et
1499 1872 1701 1913 Luciferi

214 1930 416 1970 conversi
447 1941 549 1969 sunt
579 1929 737 1970 ambo
726 1945 771 1968 m
807 1944 907 1969 aves
937 1929 1145 1979 marinas,
1183 1944 1290 1983 quae
1312 1929 1487 1970 Graecis
1508 1927 1704 1978 ἄλκυόνες

216 1986 448 2037 dicuntur,
478 1987 654 2025 Latinis
678 1985 945 2035 Alcedones,
981 1996 1029 2025 ut
1049 1987 1109 2025 ait
1134 1987 1267 2026 Varro
1298 1985 1348 2026 de
1366 1987 1422 2029 L.
1447 1986 1503 2028 L.
1522 1987 1600 2027 lib.
1617 1986 1699 2026 III.

213 2043 334 2093 Hae,
368 2044 579 2083 referente
601 2043 734 2084 Plinio
753 2043 807 2083 X.
834 2058 868 2083 ct
896 2049 964 2088 32,
998 2057 1050 2083 ex
1076 2043 1315 2093 Aristotele,
1348 2045 1492 2097 paullo
1523 2042 1702 2096 ampliu.

216 2114 284 2139 res
319 2110 420 2138 sunt
445 2114 637 2154 passere,
683 2103 825 2140 colore
852 2114 1043 2151 cyaneO,
1087 2102 1199 2139 collo
1230 2099 1381 2153 gracili
1425 2113 1474 2138 ac
1502 2113 1698 2152 procero.

218 2156 482 2196 Foetificant
508 2156 678 2205 bruma,
712 2157 786 2210 qui
809 2155 898 2195 dies
920 2156 1093 2195 Graecis
1116 2154 1368 2205 ἇλκυονίὸες,
1402 2155 1570 2195 Latinis
1593 2154 1701 2194 Hal-

219 2215 356 2268 eyonia
380 2222 603 2256 vocantur.
656 2213 811 2266 Neque
829 2212 1059 2266 adparent,
1092 2212 1177 2252 nisi
1197 2213 1304 2251 mari
1323 2211 1585 2265 tranquillo,
1617 2215 1706 2250 mad·

218 2269 336 2308 xime
366 2269 532 2312 Siculo.
601 2269 787 2308 Faciunt
820 2279 962 2307 autern
994 2278 1154 2321 septem
1196 2278 1295 2308 ante
1329 2267 1521 2307 brumam
1549 2267 1701 2308 diebus

220 2324 375 2376 nidos,
408 2335 450 2365 et
469 2325 648 2365 totidem
677 2325 956 2379 sequentibus
978 2325 1178 2377 pariunt:
1209 2324 1323 2365 unde
1342 2325 1614 2367 Mantuanus:

445 2381 639 2422 Producit
662 2382 797 2437 Ceycis·
816 2398 904 2421 aves
925 2381 992 2421 ubi
1000 2381 1168 2445 fridda
1185 2382 1335 2424 bruma.

219 2439 283 2479 Hi
309 2438 399 2478 dies
421 2448 462 2478 et
484 2439 627 2477 nautis
651 2448 752 2477 sunt
770 2438 891 2478 noti:
909 2447 1021 2475 'nam
1045 2438 1091 2476 in
1113 2438 1179 2477 his
1197 2444 1488 2491 tempestatem
1507 2452 1594 2479 non
1618 2451 1703 2481 me-

221 2505 367 2535 tuum.
428 2495 674 2534 Nidificant
699 2505 840 2535 autem
872 2493 1013 2534 medio
1043 2494 1089 2532 in
1109 2495 1226 2540 mari
1287 2494 1397 2535 Nidi
1425 2495 1538 2549 pilae
1568 2494 1703 2549 figura

223 2555 418 2605 paullum
447 2552 657 2591 eminenti
691 2566 762 2593 ore
780 2566 985 2606 peiquam
1015 2562 1220 2603 angusto,
1255 2551 1481 2615 grandium
1500 2550 1705 2604 spongia·

223 2623 318 2646 rum
339 2608 643 2659 similitudine,
665 2623 719 2647 ex
741 2623 808 2663 sp·
812 2609 879 2647 nis
900 2607 1104 2647 aculeatis
1127 2608 1356 2662 compacti,
1390 2616 1505 2646 tanta
1525 2606 1701 2655 duritie,

228 2673 279 2702 ut
298 2665 412 2704 ferro
436 2664 572 2703 incidi
593 2675 824 2718 nequeant.
884 2665 1051 2715 Ιῗιιιηοτ
1042 2674 1157 2703 ntur
1178 2664 1270 2703 ictu
1298 2663 1458 2713 xalido,
1484 2673 1532 2701 ut
1553 2676 1704 2718 spuma

233 2719 351 2759 arida
372 2722 512 2759 maris.
544 2722 614 2760 De
635 2721 948 2774 tranquillitate
971 2695 1110 2773 Halo)
1099 2721 1293 2760 cnidum
1318 2718 1479 2759 dierum
1503 2721 1705 2760 Lucienus

232 2775 331 2818 hic.
367 2775 439 2828 τὰς
467 2776 710 2828 άλκυοιίὸας
736 2784 938 2840 wqogctyon
946 2778 1134 2832 ευομέιτις
1176 2774 1269 2833 ἦιιε
1237 2793 1326 2827 ιηος
1359 2795 1379 2819 υ
1416 2776 1567 2836 :3661209
1604 2774 1703 2831 ὄῖγῂι
