1778 3194
270 220 1577 263 scnerrsQUELUcrnN1.xx111

217 324 286 366 De
315 323 490 363 Luciam·
509 330 656 363 autem
677 322 887 372 moribus,
918 319 1024 371 vita,
1055 321 1317 379 scriptisque
1339 324 1449 366 haec
1481 328 1576 369 fere

107 389 178 435 ΠΛ.
199 392 468 434 ‘Zmuemws
491 392 587 431 loco
608 392 687 431 sub
708 390 808 431 init.
829 387 1036 430 indicato.
1085 387 1233 431 Primo
1257 400 1405 434 autem
1425 395 1575 449 plures

105 462 309 503 Lucianos
327 463 471 511 refert,
487 457 699 498 Politicum
721 472 872 506 unum,
897 458 1019 508 cujus
1041 456 1192 497 suidas
1211 461 1486 504 mentionem
1498 465 1574 503 fa..

106 531 178 582 cit,
204 528 492 585 ἱΡΙηἹοεορΙιιινη
510 527 713 577 alterum,
749 527 825 580 qui
843 526 914 566 hic
936 533 1085 565 noster
1105 524 1452 582 Samosatensis,
1486 531 1571 583 cui,

100 611 157 638 an
179 612 289 653 quae
308 598 514 649 leguntur
531 595 577 635 in
588 593 863 645 Anthologia
874 591 1108 634 tribuenda
1124 594 1214 634 sint
1235 596 1569 653 epigrammata,

100 663 244 705 adhuc
263 665 342 704 sub
371 661 516 714 judice
535 663 660 703 litem
690 663 843 715 vigere
865 660 986 701 haud
1015 675 1223 717 umquam
1254 662 1568 707 decidendam:

101 734 330 788 pergitque
365 729 531 772 ibidem.-
572 730 686 771 Sunt
715 744 766 770 ea
803 729 983 785 quidem
1011 727 1214 771 σκωπτικᾶ
1240 734 1480 773 nonnulla:
1518 744 1567 776 at

96 801 221 854 plura
235 831 245 850 ,
278 798 395 853 quod
424 808 549 840 notat
568 800 630 838 II.
658 797 877 851 Stephanus
891 830 901 848 ,
932 806 1022 838 tam
1043 797 1256 849 elegantis
1277 800 1457 853 pietatis
1472 833 1483 854 ,
1515 809 1566 843 ut

94 880 151 906 ne
165 864 414 908 Christiano
438 865 616 922 quidem
636 867 804 907 auctori
826 865 987 921 pudori
1010 873 1172 907 essent.

205 979 457 1035 Theologos
481 995 652 1037 quoque
670 981 874 1021 Luciarzos
899 981 1146 1036 complures
1167 979 1305 1021 fuisse
1331 995 1438 1022 mox
1450 996 1562 1024 com-

91 1058 332 1090 memorat:
374 1058 418 1090 et
446 1038 564 1105 apud
593 1048 827 1104 (hyn-ianam
857 1061 978 1099 esse,
1012 1049 1082 1089 cui
1106 1047 1220 1088 IVta
1255 1057 1301 1089 et
1343 1047 1562 1091 XVIIma

91 1118 380 1173 epistolarum
401 1116 688 1159 adscribatur.
748 1117 902 1157 Fuisse
933 1124 979 1155 et.
998 1118 1081 1157 hoc
1105 1116 1285 1156 nomine
1305 1116 1562 1157 Antioche-

91 1199 174 1226 nae
196 1185 408 1226 ecclesiae
432 1188 752 1241 presbyterum,
790 1186 900 1226 item
926 1182 1385 1237 Hierosolymitanae,
1417 1186 1493 1241 qui
1516 1192 1562 1226 et

89 1253 391 1293 monumentis
412 1255 645 1296 literarum
669 1255 860 1310 posteris
878 1253 1139 1303 innotuerit,
1166 1251 1334 1294 ibidem
1358 1266 1560 1293 comme-

89 1327 247 1360 morat.
287 1319 378 1360 Sed
401 1337 499 1363 cum
519 1322 573 1363 de
594 1324 665 1364 his
687 1322 930 1378 Biographi
950 1321 1122 1376 possint
1143 1322 1324 1372 consuli,
1357 1322 1559 1376 nihilque

86 1384 144 1426 ad
167 1395 367 1429 nostrum
384 1388 640 1431 institutum
661 1382 850 1441 feriant,
889 1388 1077 1430 sufficiat
1109 1401 1183 1428 eos
1212 1395 1387 1428 tantum
1408 1389 1561 1428 nomi-

85 1465 215 1494 nasse
237 1463 281 1494 et
300 1455 532 1510 potissima
555 1459 745 1511 Zuingeri
756 1457 810 1499 ad.
820 1457 1010 1498 Nostrum
1030 1455 1275 1511 spectantia
1293 1469 1561 1513 excerpere;

85 1517 141 1560 de
164 1536 249 1577 quo
270 1522 349 1564 ille
369 1537 411 1579 p.
433 1528 473 1567 2.
496 1533 540 1565 et
563 1537 682 1582 seqq.
706 1526 795 1567 ait:

197 1634 411 1679 Parentes
432 1638 573 1680 nostri
596 1639 773 1680 Luciam·
798 1639 947 1681 tenuis
978 1642 1184 1682 fortunae
1204 1639 1411 1680 homiues
1438 1651 1558 1693 pue-

80 1706 180 1744 rum
199 1703 424 1744 Lucianum
460 1708 685 1761 praeclara
707 1706 860 1748 indole
892 1707 945 1748 ad
967 1708 1198 1749 literarum
1220 1706 1365 1747 studia
1389 1714 1557 1758 natum,

84 1771 168 1812 arti
187 1773 426 1814 statuariae
447 1772 674 1825 addixere,
695 1777 837 1827 majus
857 1775 962 1816 inde
990 1777 1241 1831 certiusque
1263 1777 1449 1825 lucrum,
1469 1786 1558 1830 quo

49 1890 53 1895 .
84 1839 446 1893 sublevarentur,
487 1849 740 1898 captantes»,
782 1850 827 1882 et
858 1850 1029 1884 sumtus
1063 1842 1326 1898 disciplinae
1347 1842 1557 1882 minores.

87 1903 200 1959 [Sed
220 1906 325 1948 vide
347 1909 457 1949 haec
486 1909 634 1964 ipsum
662 1908 839 1963 plenius
859 1918 1113 1950 narrantem
1140 1911 1189 1950 in
1217 1908 1333 1950 Dial.
1359 1909 1561 1950 omnium

85 1973 263 2028 primo]
302 1973 542 2016 Nominare
563 1973 743 2030 quidem
765 1988 841 2015 eos
862 1975 1042 2018 videtur
1063 1979 1112 2018 in
1134 1977 1372 2028 Piscatore,
1395 1988 1559 2017 vocans

79 2053 127 2081 se
142 2038 477 2083 ‘Parrhisiasten
495 2042 754 2083 Alethionis
774 2043 1038 2084 Elenxiclei.
1088 2044 1151 2084 At
1170 2045 1270 2085 ficta
1293 2052 1396 2084 sunt
1419 2043 1560 2084 nomi-

85 2122 140 2150 na
155 2139 166 2161 ,
199 2110 355 2165 quibus
374 2109 594 2161 studium,
628 2124 713 2163 quo
736 2109 943 2163 ducatur,
975 2111 1201 2163 veritatis,
1234 2119 1278 2150 et
1295 2117 1559 2166 personatae

83 2176 330 2233 sapientiae
353 2176 506 2217 odium
525 2177 738 2230 designat.

195 2277 344 2319 Patria
369 2277 611 2331 Samosata,
638 2277 792 2333 Syriae
816 2279 985 2332 civitas,
1006 2294 1096 2322 non
1119 2281 1249 2331 longe
1269 2280 1323 2320 ab
1347 2277 1559 2335 Euphra-

85 2355 146 2402 te,
176 2356 226 2389 ut
244 2361 290 2389 se
309 2348 458 2403 ipsum
480 2346 642 2402 Syrum
662 2355 707 2388 et
724 2347 962 2403 Assyrium
985 2362 1074 2390 nou
1092 2348 1233 2390 semel
1253 2348 1555 2400 cognominet:

180 2621 278 2655 bant.
325 2620 481 2657 Latinae
500 2634 538 2657 se
555 2623 706 2669 linguae
733 2630 938 2670 utcumque
957 2626 1120 2672 peritum
1143 2625 1259 2660 fuisse
1288 2629 1447 2658 testatur
1471 2623 1554 2658 Lib.

180 2666 227 2701 de
249 2678 374 2701 errore
396 2668 432 2701 in
459 2668 682 2704 salutatione
704 2671 735 2714 §-
760 2684 811 2715 ις.
863 2673 962 2706 Haec
983 2673 1059 2712 ille,
1086 2673 1236 2717 optime.
1284 2672 1355 2705 Sed
1373 2670 1562 2703 Bourdelo·

179 2715 224 2746 iii
241 2724 345 2747 error
364 2713 492 2748 forsan
516 2715 602 2749 inde
621 2722 742 2759 natus,
763 2717 865 2762 quod
887 2719 1149 2763 Chronologos
1170 2720 1382 2758 consistens,
1406 2715 1564 2750 Didium

180 2759 384 2807 mianum,
409 2772 480 2807 pro
501 2761 621 2797 altero
637 2762 749 2808 longe
768 2764 977 2809 posteriore
997 2765 1183 2812 acceperit
1201 2764 1396 2800 festinans,
