1778 3194
205 250 305 297 410
557 257 1309 289 AnNo‘rArioNEs

425 358 613 399 Flumina
635 381 691 387 —
718 356 824 409 Quid
843 355 976 397 rides?
1003 367 1153 397 mutato
1174 359 1339 408 nomine,
1373 356 1419 395 de
1439 368 1475 395 τε

425 413 584 455 Fabula
606 425 799 454 narratur.
863 412 1059 467 Congestis
1079 413 1247 467 undique
1263 416 1392 454 saccis

424 471 624 511 Inclor'mis
644 471 811 519 inhians,
842 481 876 508 et
896 482 1080 522 tanquam
1098 487 1256 523 parcere
1277 473 1401 510 sacris

430 527 599 580 Cogeris,
632 539 699 566 aut
715 530 832 581 pictis
854 537 1042 581 tanquam
1058 526 1229 579 gaudere
1248 525 1415 566 tabellis.
1447 525 1613 569 SOLAR.

320 596 424 637 Eacl.
452 599 483 636 l.
517 600 581 639 10.
608 590 684 644 'Eg
702 594 770 637 τὸν
787 600 863 637 τῶν
887 597 1101 636 Δαναϊδῶν
1122 597 1249 636 πίθον
1275 592 1397 649 vido.)
1425 595 1541 635 Plato
1562 596 1673 634 scri-

207 658 288 707 bit,
312 652 532 694 Danaidas
555 651 666 705 apud
689 652 849 691 inferos
874 651 947 689 has
970 664 1128 704 poenas
1148 650 1266 702 dare,
1297 660 1345 689 ut
1363 652 1481 690 urnis
1506 652 1674 704 perstil-

209 712 398 753 lantibus
419 722 544 763 aquas
567 708 741 747 adsidue
762 707 984 756 hauriant,
1019 717 1145 759 atque
1164 707 1207 744 in
1226 709 1439 760 perforata
1465 707 1579 746 dolia
1607 709 1672 746 in-

210 772 375 819 ferant,
419 766 539 821 gravi
571 765 769 803 nimirum
806 776 846 803 et
874 764 1022 802 inutili
1048 763 1203 802 labore.
1243 763 1358 804 Ouid.
1388 765 1462 805 IV.
1491 765 1673 804 Metam.

429 833 649 887 BIolirique
669 836 748 872 suis
767 832 882 871 letum
901 832 1142 886 patruelibus
1165 848 1281 870 ausae

429 889 613 929 Adsidue
633 900 824 943 repetunt,
856 904 953 943 quas
970 888 1158 943 perdunt,
1189 889 1345 928 Belides
1365 889 1503 929 undas.

208 945 329 987 Idem
350 946 395 985 in
422 946 545 985 Ibin:

434 1013 616 1067 Quaeque
627 1024 765 1066 gerunt
785 1012 951 1053 humeris
969 1017 1160 1068 perituras
1178 1013 1334 1052 Belides
1355 1014 1497 1054 undas.

210 1072 354 1123 Hujus
383 1069 555 1108 fabulae
583 1069 842 1108 mentionem
880 1071 988 1108 facit
1021 1084 1162 1108 rursus
1192 1070 1363 1110 Lucian.
1399 1071 1444 1108 in
1479 1071 1676 1111 Hermot.

212 1128 316 1167 item
341 1126 391 1165 de
412 1125 595 1178 Dipsad.
618 1134 660 1164 et
683 1126 725 1161 in
748 1126 866 1165 Dial.
889 1126 1004 1164 Crat.
1029 1141 1075 1164 ac
1102 1126 1234 1178 Diog.
1265 1126 1490 1179 Alciphron
1520 1126 1565 1165 in
1594 1126 1677 1179 Ep.

214 1183 369 1223 Galeni
397 1181 449 1219 ad
471 1182 703 1233 Gyrtonem
727 1181 778 1219 ad
798 1182 908 1219 hanc
933 1182 1092 1219 adlusit
1110 1195 1119 1219 z
1154 1183 1221 1222 καὶ
1240 1179 1510 1236 τὸλεγόμενον
1527 1181 1679 1235 δήτοῦ-

211 1258 256 1281 το
289 1242 345 1287 εἶς
379 1241 594 1279 Δαναϊδῶν
620 1236 714 1286 τούς
749 1236 959 1290 ἀμφορέας
996 1239 1178 1291 ἐκχέομεν
1214 1240 1378 1286 πίθους.
1436 1238 1601 1278 Plautus
1630 1237 1678 1275 in

210 1296 363 1335 Pseud.
396 1295 443 1333 In
468 1306 665 1348 pertusum
700 1297 909 1348 ingerimus
943 1294 1051 1335 dicta
1081 1294 1257 1334 dolium:
1297 1310 1455 1349 operam
1492 1294 1677 1335 ludimus.

215 1351 416 1392 Catullus:

433 1420 554 1459 Dolia
571 1422 753 1473 virgineis
770 1420 872 1458 idem
894 1420 961 1460 ille
983 1418 1179 1474 repleverit
1198 1423 1318 1460 urnis.
1591 1456 1595 1458 ,

213 1477 360 1517 Coos.
394 1476 659 1516 Accentuum
683 1477 808 1514 etiam
832 1475 882 1515 ad
904 1491 982 1516 nos
1009 1490 1108 1515 cura
1144 1479 1351 1531 pertinet,
1385 1476 1421 1516 si
1445 1474 1549 1530 quid
1580 1473 1680 1514 inde

211 1533 422 1573 redundet
453 1533 505 1571 ad
535 1533 760 1572 Lucianum
789 1532 1056 1573 detrimenti.
1100 1538 1315 1575 Δαναϊδῶν
1345 1532 1440 1573 edd.
1468 1539 1682 1586 quotquot

213 1591 401 1642 inspexi,
436 1604 603 1629 omnes:
635 1589 761 1627 scribi
784 1598 922 1627 tamen
946 1588 1126 1628 debebat
1148 1589 1240 1628 sine
1270 1587 1559 1628 controversia
1597 1592 1680 1627 Δα-

211 1649 380 1697 ναΐδων,
409 1655 458 1684 ut
478 1654 589 1684 recte
612 1645 782 1683 monuit
806 1644 1014 1697 Bcrglcrus
1047 1644 1100 1683 ad
1130 1644 1316 1699 Alciphr.
1351 1660 1393 1698 p.
1427 1650 1490 1686 10.
1553 1641 1683 1696 QUOd

212 1705 360 1756 paullo
381 1711 479 1740 ante
502 1701 756 1754 praecessit,
800 1698 925 1755 ὥςπερ
948 1701 990 1741 ἐκ
1011 1703 1184 1753 κοφίνου
1206 1702 1525 1754 τετρυπημένου,
1558 1714 1682 1753 quem

215 1773 339 1797 usum
360 1759 403 1795 in
425 1757 505 1796 hac
528 1757 724 1795 oratione
748 1765 944 1809 praestet,
979 1766 1053 1794 aut
1077 1757 1293 1810 quomodo
1316 1773 1409 1796 cum
1437 1756 1588 1795 ceteris
1612 1770 1684 1808 ap-

215 1824 260 1853 te
293 1814 538 1863 cohaereat,
591 1813 667 1850 vix
703 1826 750 1849 ac
783 1826 837 1850 ne
873 1813 947 1850 vix
976 1812 1146 1864 quidem
1176 1813 1396 1867 intelligo:
1429 1812 1465 1850 si
1489 1812 1538 1849 ab
1576 1812 1673 1865 ipso

221 1871 406 1911 Luciam
421 1899 432 1916 ‚
468 1867 581 1923 quod
604 1867 764 1905 infitias
787 1868 850 1906 ire
870 1882 956 1906 non
979 1869 1127 1919 ausim,
1162 1869 1293 1908 fuerit
1314 1869 1569 1922 profectum,
1604 1881 1683 1922 ego

218 1926 390 1981 quidem
415 1935 573 1964 veteres
598 1925 712 1965 illos.
728 1922 1074 1963 adcuratissimos
1095 1925 1183 1963 stili
1208 1935 1439 1971 exactores,
1469 1924 1531 1962 sic
1552 1925 1684 1976 scrip-

217 1985 320 2022 sisse
334 1981 546 2029 existimo,
564 1990 612 2018 ut
635 1979 838 2034 quaedam
854 1991 992 2019 tamen
1012 1979 1291 2032 emendatiuS,
1306 1981 1343 2019 si
1367 1980 1685 2035 diligentiorem

216 2038 516 2078 adhibuissent
536 2038 702 2086 limam,
727 2037 950 2089 potuerint
971 2037 1127 2078 scribi:
1158 2038 1310 2078 lubens
1331 2037 1377 2076 in
1399 2037 1588 2087 Horatii,
1620 2039 1684 2090 ju-

218 2095 326 2135 dicis
345 2094 554 2143 acerrimi,
587 2093 843 2131 sententiam
867 2093 1072 2145 concedo,

435 2185 491 2191 —
516 2161 593 2200 Ubi
613 2160 731 2214 plura
753 2164 884 2211 nitent,
918 2177 995 2200 ηοη
1015 2179 1084 2216 ego
1099 2166 1240 2217 paucis

441 2218 636 2273 Qffimlar
653 2217 833 2265 maculis,
865 2232 964 2271 quas
986 2230 1054 2257 aut
1074 2222 1225 2259 incuria
1240 2218 1364 2272 fudit,

436 2276 525 2314 Aut
551 2274 721 2312 humana
737 2290 879 2326 parum
902 2277 1005 2313 cavit
1025 2286 1178 2314 natura.
1211 2273 1481 2316 ΗΕΜεΤ.ῙῙ.-

220 2331 410 2373 Omnino
435 2329 604 2383 quidem
627 2329 710 2367 hoc
734 2329 1013 2380 verissimum,
1046 2340 1087 2370 et
1112 2332 1156 2368 in
1178 2332 1400 2371 Lucianum
1418 2343 1589 2384 quoque
1608 2342 1685 2369 no-

218 2399 351 2428 strum
372 2388 478 2425 bene
499 2386 772 2424 conveniens.
786 2384 866 2424 Sed
876 2384 917 2423 h.
931 2389 960 2426 l.
973 2387 1160 2425 censoris
1175 2398 1291 2437 nota,
1308 2389 1454 2427 nescio
1465 2401 1518 2425 an
1535 2388 1682 2439 paullo

219 2445 358 2483 acrior
380 2443 437 2481 sit
454 2451 496 2481 et
515 2441 739 2494 ejusmodi,
775 2454 880 2495 quae
899 2441 944 2479 in
963 2443 1103 2495 ipsum
1124 2444 1433 2496 repercutiatur
1452 2452 1680 2482 auctorem.

219 2499 464 2542 Videamus.
492 2497 803 2551 Sapientiorem
825 2501 908 2550 jam
936 2498 1030 2538 fore
1049 2498 1273 2540 Timonem
1302 2499 1468 2538 dixerat
1497 2496 1681 2550 Jupiter,

221 2571 361 2610 neque
394 2556 519 2594 istius
550 2554 758 2593 stultitiae
785 2553 1011 2608 quidquam
1035 2556 1213 2608 amplius
1233 2555 1478 2596 verendum.
1517 2552 1684 2607 Quibus

220 2614 397 2651 Plutus:
428 2611 485 2649 At
505 2624 606 2649 vero
637 2624 854 2664 nunquam
874 2611 909 2649 is
931 2611 1060 2651 homo
1089 2611 1278 2664 desinet,
1308 2621 1509 2664 tanquam
1538 2624 1561 2648 e
1581 2623 1685 2662 per-

223 2665 364 2707 forato
391 2666 596 2721 cophino,
626 2667 875 2721 priusquam
895 2681 1065 2720 prorsus
1086 2671 1247 2722 (plene)
1268 2682 1346 2722 ego
1365 2665 1592 2714 influxere,
1613 2664 1686 2704 da-

223 2733 266 2762 ta
299 2738 425 2776 opera
455 2738 521 2762 me
552 2722 800 2773 exhaurire,
845 2724 964 2777 quasi
997 2739 1305 2778 praeoccupare
1326 2723 1432 2763 velit
1459 2720 1682 2772 influxum,

223 2789 429 2830 metuens,
450 2794 516 2830 ne,
535 2793 663 2834 quum
683 2780 901 2834 copiosius
924 2780 1161 2832 inciderim,
1186 2781 1323 2836 ipsum
1335 2777 1551 2821 inundem.
1585 2778 1687 2818 Ver·

1757 742 1761 758 .-
1752 198 1758 574 .--—.——.——-.—⁴
1755 175 1756 178 „
