1778 3194
493 264 572 321 ·⁰1‘
608 292 643 323 R
679 295 710 323 ,Α
745 290 776 320 E
812 290 840 321 F
876 290 908 320 A
947 290 975 319 T
1014 292 1029 319 1
1069 290 1111 320 0.
1398 290 1562 320 CXXXIX

214 388 438 444 Εὔσχήμως
457 391 590 429 etiam
612 388 785 428 restitui
804 401 882 444 pro
915 383 1195 440 εὐσχημόνως,
1230 394 1279 427 ut
1298 395 1440 429 metro
1464 387 1562 428 Eu-

97 459 268 516 ripideo
293 460 583 505 consulerem,
616 455 749 496 ibid.
783 470 816 495 c.
840 460 907 499 47,

211 561 463 602 Notabilem
488 557 632 612 recepi
654 558 991 608 correctionem,
1034 551 1152 599 οὗὸὲυ
1183 562 1315 610 χεῖρον
1342 570 1562 612 reponens

101 644 158 670 ex
184 627 288 669 Cod.
311 628 362 668 L.
385 629 434 667 in
464 626 536 678 Cy
551 640 593 664 n.
615 640 647 664 c.
674 629 713 667 4.
735 639 812 680 pro
836 622 928 666 οὐδὲ
952 628 986 666 εἰ
1003 631 1134 678 χεῖρον
1154 626 1327 678 ἔχουσιν,
1360 624 1475 680 quod
1495 625 1563 664 ri-

101 697 244 737 dicule
270 697 402 736 etiam
420 695 524 733 olim
547 694 804 733 vertebatur
822 694 871 732 in
895 691 1119 732 Parisinae
1137 707 1176 747 p.
1203 697 1324 736 1103.
1357 692 1424 733 At
1455 707 1481 731 n
1496 707 1519 731 ο
1535 707 1563 731 n

56 772 363 822 Ιροεεειιῒ,
403 776 499 802 seu
528 774 654 800 sese
692 761 904 801 melius
946 773 1042 799 seu
1083 759 1346 801 deterius
1384 760 1564 800 habe—-

97 839 250 883 rent,
284 830 547 871 officium
581 833 742 868 suum'
763 828 1094 882 praestare?

198 931 406 974 ’'Enlcwss
428 932 691 985 δακρυρροὦν
721 932 918 985 reposui,
950 945 1028 986 pro
1051 932 1187 973 ἔκλυσε
1209 934 1321 985 Bane.
1341 929 1389 970 in
1418 926 1563 969 Phi-

97 1003 307 1057 lopatr.
342 1016 376 1040 c.
401 1006 437 1044 6.
472 996 605 1039 suasu
634 998 855 1049 Solani,
889 1000 974 1039 etsi
1000 1000 1154 1039 invitis
1183 1000 1322 1039 libris.
1361 996 1494 1039 Ibid.
1528 1011 1560 1036 C.

98 1074 140 1112 9.
173 1086 211 1110 τε
241 1070 409 1110 inserto
443 1066 595 1108 versui
626 1066 900 1117 consultum,
937 1074 982 1106 et
1011 1082 1043 1106 c.
1077 1072 1142 1110 10.
1172 1064 1310 1122 λόχμια
1336 1073 1564 1120 receptum

95 1150 174 1192 pro
196 1136 354 1191 δόχμια.

209 1238 409 1279 Tandem
429 1239 477 1279 in
505 1234 819 1290 Tragopod.
851 1249 983 1276 versu
1002 1241 1071 1280 41.
1098 1236 1198 1290 ἄτην
1222 1252 1321 1278 cum
1352 1235 1566 1278 Gesne—

99 1321 156 1347 ro
201 1307 355 1362 scripsi
395 1308 490 1347 sine
518 1307 600 1347 alia
624 1306 908 1357 auctoritate,
947 1321 1027 1361 pro
1058 1303 1209 1359 αι’-τήν·
1249 1306 1352 1360 quia
1375 1313 1567 1345 metrum

104 1374 478 1415 Anacreonticum
503 1388 549 1414 ac
571 1387 724 1413 sensus
750 1374 810 1414 ita
830 1376 1066 1429 postulant.

209 1474 295 1515 Ubi
328 1489 435 1516 vero
465 1478 604 1527 major
633 1483 726 1515 erat
748 1475 933 1514 mutatio
955 1474 1182 1526 facienda,
1223 1488 1312 1514 non
1335 1486 1438 1514 usus
1470 1484 1569 1512 sum.

98 1542 195 1597 pari
215 1540 395 1582 audacia
414 1574 422 1590 ,
455 1551 504 1582 ut
527 1541 700 1598 quando
722 1543 770 1581 in
800 1542 963 1582 Herm
979 1550 1049 1582 ot.
1084 1558 1117 1582 c.
1144 1548 1211 1586 77.
1241 1540 1570 1594 elegantissima

105 1612 352 1660 conjectura
395 1609 637 1650 Solanus
678 1610 748 1659 ἔξω
775 1614 848 1650 τοῦ
879 1608 1008 1651 οὐδοῦ
1029 1611 1108 1651 ἐστι
1146 1610 1451 1664 rescripserat,
1488 1619 1568 1661 pro

99 1678 278 1728 vulgato
308 1679 379 1727 ἔξω
413 1682 485 1729 τῆς
508 1674 607 1719 ὁδοῦ
642 1678 782 1729 ἐσμεν,
820 1676 952 1731 idque
987 1677 1131 1719 deleta
1165 1680 1342 1729 vulgata
1376 1674 1569 1714 lectione

98 1746 187 1795 jam
205 1745 431 1785 contextui
450 1747 714 1794 inseruerat,
747 1758 826 1795 ego
850 1744 895 1783 id
918 1753 1065 1786 tamen
1091 1761 1180 1786 non
1205 1741 1375 1790 admisi,
1398 1756 1452 1780 ne
1477 1754 1570 1781 mo-

105 1809 272 1851 destiae
304 1813 415 1852 fines
459 1811 704 1864 egrederer.
780 1811 928 1863 Quare
967 1814 1100 1854 etiam
1143 1811 1338 1853 abstinui
1373 1823 1572 1859 manum,

95 1879 178 1919 nbi
202 1880 378 1930 vulgata
397 1880 673 1919 tolerabilem
690 1882 941 1934 praestabat
966 1894 1158 1931 sensum,
1184 1880 1266 1920 etsi
1287 1878 1446 1917 melior
1463 1884 1572 1930 pot-

103 1954 196 1987 erat
217 1947 470 1998 excogitari,
492 1956 566 1986 aut
586 1960 609 1987 a
639 1947 747 1987 viris
772 1945 908 1987 doctis
931 1949 1197 2002 probabilior
1223 1953 1316 1986 erat
1331 1945 1569 1999 proposita.

217 2047 337 2087 Haec
359 2049 493 2099 igitur
530 2047 783 2102 speciminis
804 2049 900 2087 loco
920 2047 1159 2099 sufficiant5
1193 2055 1335 2088 cetera
1372 2046 1493 2086 enim
1516 2058 1573 2085 ex

105 2113 240 2156 codd.
261 2117 336 2155 vel
355 2116 676 2170 antiquioribus
695 2113 790 2154 edd.
811 2113 1041 2154 emendata
1061 2116 1167 2155 satis
1181 2146 1191 2165 ‚
1224 2127 1374 2169 spero,
1407 2125 1453 2151 se
1473 2125 1575 2166 pro·

91 2184 282 2234 habunt,
315 2190 504 2237 suntque
528 2196 577 2223 ea
601 2181 718 2222 haud
742 2196 892 2237 pauca,
926 2183 986 2220 ita
1007 2189 1056 2221 ut
1075 2181 1306 2222 adfirmare
1328 2195 1418 2220 non
1440 2178 1576 2219 dubi-

107 2256 214 2302 tem,
245 2250 368 2291 mille
386 2253 479 2290 fere
503 2251 610 2291 locis
633 2252 721 2301 jam
743 2251 871 2290 aliter
896 2250 997 2302 legi,
1032 2263 1161 2304 quam
1182 2255 1298 2288 ante.

219 2351 487 2392 Versionem
508 2353 559 2392 cl.
598 2351 669 2393 Ge
686 2352 836 2392 sneri
867 2351 1088 2392 rarissime
1119 2349 1313 2400 mutavi,
1345 2348 1431 2389 nisi
1447 2349 1495 2388 in
1514 2349 1579 2388 le-

108 2419 306 2462 vim-ibus
334 2433 380 2458 ac
403 2420 673 2470 manifestis,
706 2434 817 2474 quae
848 2421 921 2459 vel
946 2421 1089 2476 ipsum
1114 2418 1173 2458 sic
1195 2416 1320 2459 reddi
1339 2417 1458 2456 velle
1477 2415 1581 2455 faci·

111 2489 155 2528 le
182 2486 435 2537 credebam,
471 2501 560 2526 non
586 2487 701 2541 quod
720 2501 849 2542 supra
875 2488 1002 2527 illum
1021 2499 1176 2541 sapere
1202 2483 1312 2525 mihi
1332 2481 1581 2539 persuade-

110 2558 211 2606 bam
227 2587 237 2606 ,
277 2553 353 2594 sed
375 2553 489 2608 quod
512 2555 550 2593 is
577 2554 730 2594 eadem
756 2568 844 2593 non
868 2555 1035 2594 habens
1056 2550 1272 2602 subsidia,
1305 2558 1380 2595 aut.
1398 2549 1453 2589 ad
1471 2550 1582 2589 vul-

115 2609 253 2674 gatam
288 2622 525 2662 lectionem
558 2629 729 2662 tantum
762 2619 1116 2661 adcommodavit
1148 2618 1579 2673 interpretationem,

117 2698 191 2729 aut
207 2704 302 2730 eam
320 2703 515 2729 mancam
539 2689 754 2729 vertendo
782 2688 978 2740 adjuvit:
1011 2688 1119 2726 alias
1142 2687 1353 2726 intactam
1387 2682 1580 2734 servavi,

118 2756 251 2798 etiam
268 2758 344 2799 ubi
362 2771 388 2797 a
412 2756 577 2799 Graeco
604 2764 840 2810 contextu,
884 2756 1025 2810 qualis
1042 2755 1079 2795 is
1102 2768 1220 2795 nunc
1245 2760 1336 2805 est,
1367 2750 1579 2799 differret,
